1991 2916
221 234 277 271 54
522 247 576 273 DE
596 248 753 275 ramus
777 249 828 275 ΕΤ
850 250 1135 276 TENEMEN'ms
1160 250 1206 276 IN
1232 249 1523 277 WERYNGTON.

218 355 264 396 111
285 360 438 396 tenura
458 357 582 398 dictae
602 359 745 399 uxoris
764 360 921 413 Rogeri
936 360 1063 401 Clerk
1084 374 1134 400 ex
1155 365 1275 413 parte
1295 359 1455 400 boreali
1476 365 1519 400 et
1539 364 1697 400 terram
1714 360 1817 400 dieti

219 424 442 465 willielmi
470 427 649 467 Botiller
675 427 721 467 in
748 433 902 468 tenura
929 428 1052 469 (lietae
1080 429 1222 468 uxoris
1252 443 1302 468 ex
1329 434 1449 482 parte
1478 429 1654 469 australi
1682 434 1723 469 et
1746 443 1816 469 ex-

217 493 358 533 tendit
383 494 429 534 in
454 495 723 548 longitudine
750 511 774 536 a
799 502 913 537 terra
937 497 1105 537 heredis
1134 497 1291 550 Rogeri
1316 498 1577 552 Arosmythe
1598 498 1645 537 in
1664 502 1818 538 tenura

219 562 245 601 J
250 562 430 602 ohannis
462 564 631 618 Twysse
663 578 713 604 ex
745 570 865 618 parte
896 564 1149 605 occidentali
1179 579 1314 619 usque
1346 566 1399 605 ad
1431 566 1645 619 quandam
1676 580 1817 607 acram

217 636 342 672 terrae
362 632 408 672 in
430 637 581 673 tenura
603 633 825 674 Williehni
847 634 1044 674 Fletcher
1065 648 1114 674 ex
1136 640 1255 688 parte
1277 635 1487 677 orientali.

276 701 390 740 Item
411 706 530 742 tenet
553 701 657 742 duas
680 702 858 743 seliones
879 702 925 742 in
946 703 1131 757 Arpeley
1152 703 1355 756 praedicto
1378 705 1570 758 jacentes
1598 703 1645 744 in
1668 703 1816 744 latitu-

219 768 317 809 dine
342 769 456 809 inter
481 775 639 810 terram
668 770 841 810 Ricardi
871 770 1098 811 Pasmethe
1125 771 1171 810 in
1199 776 1353 812 tenura
1372 772 1595 813 Willielmi
1623 772 1740 812 Hille
1766 786 1817 812 ex

216 843 336 891 parte
363 838 616 878 occidentali
640 843 682 878 et
707 843 867 878 terram
894 838 997 879 dieti
1017 838 1239 879 Willielmi
1266 840 1445 880 Botiller
1465 841 1512 880 in
1532 846 1687 881 tenura
1706 841 1815 880 Wil-

216 905 350 945 lielmi
385 907 610 961 Kyngeley
643 921 694 947 ex
725 913 845 960 parte
879 907 1075 948 orientali
1108 913 1150 948 et
1184 909 1376 949 extendit
1408 909 1456 949 in
1487 909 1759 963 longitudine
1793 923 1817 949 a

217 979 331 1014 terra
359 975 384 1014 J
389 975 570 1015 ohannis
600 975 747 1015 Birom
774 976 821 1016 in
848 981 1003 1016 tenura
1031 977 1056 1016 J
1061 977 1241 1016 ohannis
1274 977 1482 1017 Hardwar
1510 992 1561 1018 ex
1588 983 1708 1031 parte
1728 978 1816 1019 fere

215 1041 374 1082 boreali
403 1049 445 1083 et
472 1043 628 1096 partim
649 1043 903 1084 occidentali
923 1058 1057 1097 usque
1079 1044 1132 1084 ad
1152 1050 1311 1085 terram
1332 1046 1555 1086 Willielmi
1578 1046 1742 1088 Gerard
1764 1047 1816 1087 de

216 1111 320 1151 Ince
346 1111 392 1151 in
420 1117 573 1152 tenura
600 1112 758 1166 Rogeri
781 1113 909 1153 Clerk
932 1113 1115 1167 junioris
1138 1127 1188 1153 ex
1208 1119 1329 1167 parte
1349 1114 1436 1155 fere
1459 1115 1635 1155 australi
1656 1120 1698 1156 et
1719 1130 1815 1169 par-

214 1179 294 1220 tim
317 1180 526 1221 orientali.

272 1250 386 1289 Item
414 1254 533 1290 tenet
560 1264 691 1290 unam
720 1249 941 1291 dimidiam
970 1265 1109 1292 acram
1135 1256 1259 1293 terrae
1283 1253 1499 1307 jacentem
1519 1253 1565 1294 in
1585 1254 1679 1295 1000
1701 1254 1816 1295 dicto

214 1318 401 1372 Arpeley
421 1324 570 1359 vocato
592 1319 847 1373 WVeteakyrs
868 1320 914 1360 in
934 1320 1162 1362 latitudine
1182 1322 1297 1362 inter
1316 1327 1475 1363 terram
1498 1322 1601 1363 dieti
1628 1323 1744 1363 Petri
1768 1323 1816 1363 in

213 1392 367 1427 tenura
395 1387 421 1426 J
425 1387 605 1428 ohannis
636 1389 845 1429 Hardwar
872 1403 922 1429 ex
950 1395 1070 1443 parte
1099 1391 1296 1431 orientali
1324 1396 1366 1431 et
1394 1395 1553 1431 terram
1580 1391 1683 1432 dicti
1705 1392 1814 1432 Wil-

212 1455 345 1495 lielmi
378 1456 557 1496 Botiller
587 1456 633 1496 in
663 1461 817 1497 tenura
847 1457 972 1499 dictae
999 1459 1142 1499 uxoris
1174 1459 1397 1499 Hamundi
1425 1460 1588 1514 Nayler
1616 1474 1665 1500 ex
1694 1465 1815 1514 parte

213 1525 467 1565 occidentali
508 1530 551 1566 et
592 1526 783 1566 extendit
828 1526 874 1567 in
918 1526 1188 1580 longitudine
1229 1543 1253 1568 a
1292 1533 1407 1569 terra
1447 1529 1551 1569 dicti
1590 1529 1814 1570 Willielmi

214 1594 395 1634 Botiller
415 1594 461 1634 in
482 1598 636 1634 tenura
656 1594 780 1635 dietae
800 1594 943 1635 uxoris
967 1596 1190 1635 Hamundi
1211 1610 1261 1636 ex
1282 1602 1402 1650 parte
1422 1597 1583 1638 boreali
1603 1613 1737 1652 usque
1760 1599 1814 1639 ad

210 1667 368 1702 terram
391 1662 492 1703 dicti
509 1663 731 1703 willielmi
753 1664 932 1704 Botiller
951 1665 998 1705 in
1017 1670 1171 1706 tenura
1186 1666 1409 1706 willielmi
1431 1667 1596 1708 Barbor
1617 1682 1667 1709 ex
1688 1673 1811 1721 parte

215 1731 403 1771 australi.

271 1801 385 1840 Item
410 1805 530 1841 tenet
557 1800 683 1841 aliam
710 1801 931 1842 dimidiam
958 1817 1097 1843 aeram
1124 1808 1248 1844 terrae
1270 1804 1485 1858 jacentem
1511 1804 1557 1845 in
1578 1804 1693 1845 dieto
1719 1805 1813 1846 loco

214 1868 265 1909 de
287 1869 542 1924 VVeteakyrs
568 1871 614 1910 in
636 1871 862 1912 latitudine
884 1872 997 1912 inter
1018 1877 1175 1912 terram
1198 1873 1301 1913 dicti
1323 1873 1546 1913 willielmi
1567 1873 1747 1913 Botiller
1767 1874 1813 1914 in

211 1942 365 1978 tenura
394 1938 565 1979 Rieardi
595 1940 879 1994 VVynyngton
907 1955 957 1981 ex
984 1947 1104 1994 parte
1133 1941 1293 1982 boreali
1321 1946 1363 1982 et
1390 1947 1550 1981 terram
1579 1942 1682 1982 dieti
1704 1942 1811 1982 11111-

211 2007 344 2047 11011111
366 2008 545 2048 Botiller
565 2008 611 2048 in
632 2014 785 2049 tenura
802 2010 1024 2050 wilhelmi
1048 2010 1192 2063 Sporis
1215 2015 1258 2051 et
1280 2010 1402 2051 dietae
1423 2011 1566 2051 uxoris
1590 2011 1813 2051 Hamundi

211 2074 374 2129 Nayler
406 2090 456 2116 ex
486 2082 606 2130 parte
638 2078 813 2118 australi
844 2084 887 2119 et
919 2079 1110 2119 extendit
1140 2079 1187 2119 in
1216 2079 1486 2132 longitudine
1515 2094 1539 2119 a
1565 2084 1680 2120 terra
1709 2079 1813 2119 dieti

212 2145 329 2185 Petri
353 2145 400 2185 in
421 2151 574 2186 tenura
595 2147 621 2186 J
625 2147 805 2186 ohannis
829 2147 1062 2188 Hardewar
1090 2161 1140 2187 ex
1168 2152 1287 2201 parte
1315 2147 1568 2188 occidentali
1595 2162 1730 2201 usque
1759 2148 1812 2187 ad

211 2213 316 2254 duas
340 2214 520 2255 seliones
543 2215 646 2255 dieti
668 2216 784 2256 Petri
805 2216 851 2256 in
871 2221 1025 2256 tenura
1041 2216 1144 2256 dieti
1167 2216 1339 2256 Ricardi
1362 2217 1595 2257 Hardewar
1617 2232 1665 2258 ex
1688 2222 1810 2271 parte

214 2282 423 2322 orientali.

270 2352 383 2391 Item
418 2355 537 2391 tenet
573 2366 708 2391 unum
745 2351 929 2392 croftum
965 2352 1189 2393 continens
1223 2353 1328 2394 duas
1362 2368 1479 2395 aeras
1511 2358 1636 2395 terrae
1669 2359 1711 2395 et
1746 2354 1810 2395 di-

210 2419 387 2459 midiam
409 2419 535 2459 unius
557 2433 662 2460 acrae
685 2433 782 2459 cum
804 2420 974 2473 sepibus
1003 2426 1045 2461 et
1073 2420 1198 2461 fossis
1226 2422 1440 2462 inclusum
1464 2424 1611 2477 jacens
1639 2423 1685 2463 in
1713 2424 1809 2464 lati-

210 2488 360 2528 tudine
390 2488 503 2528 inter
532 2493 691 2528 terram
722 2488 825 2528 dieti
856 2489 973 2529 Petri
1003 2489 1049 2529 in
1073 2495 1227 2531 tenura
1254 2492 1464 2532 Johannis
1491 2493 1733 2546 Fulshaghe
1760 2507 1809 2533 ex

210 2562 330 2610 parte
366 2556 561 2596 orientali
597 2562 639 2597 et
680 2557 807 2597 altam
845 2558 955 2598 idam
992 2558 1220 2600 ducentem
1261 2575 1285 2600 a
1320 2561 1418 2601 villa
1455 2561 1506 2601 de
1538 2561 1594 2600 W
1598 2566 1810 2615 eryngton

210 2639 346 2677 usque
367 2625 420 2665 ad
442 2639 638 2678 campum
660 2625 711 2666 (10
733 2627 918 2681 Arpeley
940 2641 990 2667 ex
1018 2633 1137 2681 parte
1160 2628 1413 2669 occidentali
1441 2635 1483 2670 et
1506 2629 1741 2669 extendens
1763 2629 1809 2669 in

211 2693 479 2748 longitudine
516 2709 540 2734 a
574 2695 640 2734 via
672 2694 853 2735 ducente
889 2710 912 2735 a
943 2696 1213 2750 Weryngton
1245 2712 1388 2738 versus
1425 2698 1572 2752 Sonky
1604 2712 1653 2737 ex
1688 2703 1807 2750 parte
