1991 2916
215 214 269 253 32
516 226 570 252 DE
595 226 752 253 TERRIS
775 226 826 252 ET
849 226 1132 253 TENEMENTIS
1156 227 1204 252 IN
1229 226 1521 253 WERYNGTON.

210 338 358 390 jacens
379 336 425 376 in
444 336 672 377 latitudine
693 336 806 376 inter
827 341 985 377 terram
1007 337 1110 377 dicti
1133 336 1355 377 Willielmi
1376 336 1576 378 Botillerl
1600 336 1646 376 in
1662 341 1817 378 tenura

217 406 242 444 J
247 406 427 445 ohannae
467 405 609 445 uxoris
650 420 786 459 nuper
828 406 1051 446 Hamundi
1090 406 1253 460 Nayler
1294 420 1344 446 ex
1378 410 1499 459 parte
1535 405 1732 445 orientali
1772 411 1815 446 ct

215 481 373 515 terram
400 474 502 514 dicti
530 473 645 514 Petri
672 474 717 513 in
742 479 896 514 tenura
922 475 1079 528 Rogeri
1107 474 1328 515 Holbroke
1350 489 1400 515 ex
1421 478 1540 528 parte
1562 474 1816 514 occidentali

216 548 258 583 et
284 542 475 583 extendit
500 542 545 582 in
570 542 838 595 longitudine
864 557 888 582 a
911 543 979 583 via
1007 557 1100 596 quae
1121 542 1238 583 ducit
1261 556 1285 583 a
1305 543 1577 597 WVeryngton
1601 556 1736 595 usque
1763 542 1816 583 ad

215 611 459 652 molendina
480 611 531 651 de
563 611 710 665 Sonky
731 625 781 651 ex
809 616 928 665 parte
957 612 1133 652 australi
1160 625 1294 665 usque
1317 611 1369 652 ad
1396 610 1595 652 brueram
1617 611 1668 651 de
1690 611 1814 652 XVer-

215 685 381 735 yngton
403 694 452 720 ex
468 684 587 732 parte
609 679 782 720 boreali.

273 750 387 789 Item
407 753 526 788 tenet
549 753 730 801 quatuor
751 762 870 788 acras
892 753 1016 789 terrae
1037 748 1207 788 arabilis
1228 749 1275 789 in
1290 748 1476 803 Arpeley
1491 747 1814 802 propinquiores

213 818 322 858 villae
344 817 395 857 de
416 817 686 870 VVeryngton
708 823 828 857 extra
849 832 1022 871 campos
1045 832 1143 858 eum
1165 818 1335 871 sepibus
1357 817 1533 857 inclusis
1556 817 1748 870 jacentes
1769 816 1816 856 in

212 886 444 926 latitudine
474 885 588 925 inter
619 885 832 938 quendam
865 900 1063 939 campum
1094 886 1318 926 Willielmi
1351 885 1551 926 Botiller¹
1586 885 1633 925 in
1662 890 1816 925 tenura

216 954 387 995 Ricardi
407 954 693 1007 Wynyngton
722 967 771 994 ex
799 959 919 1007 parte
948 954 1109 994 boreali
1140 959 1182 994 et
1209 960 1368 994 terram
1390 953 1607 1007 Ranulplii
1630 953 1815 994 Rixton2

213 1024 260 1063 in
280 1028 432 1063 tenura
454 1022 626 1061 Rieardi
649 1023 845 1063 Fletcher
867 1037 918 1063 ex
939 1028 1061 1076 parte
1084 1023 1261 1063 australi
1288 1028 1331 1063 et
1358 1027 1445 1063 tres
1472 1037 1579 1063 acrae
1604 1022 1814 1063 dictarum

215 1097 398 1146 quatuor
425 1090 661 1131 extendunt
689 1090 734 1130 in
761 1090 1032 1144 longitudine
1058 1105 1082 1131 a
1106 1091 1309 1144 praedicta
1331 1106 1439 1145 aqua
1465 1091 1516 1132 de
1538 1091 1708 1132 Mersee
1729 1091 1816 1133 fere

214 1167 334 1203 extra
367 1175 454 1201 una
490 1159 648 1200 selione
681 1159 931 1199 hereditatis
966 1159 1139 1199 Ricardi
1176 1160 1345 1200 Bruche
1378 1160 1424 1200 in
1456 1164 1610 1200 tenura
1640 1161 1815 1202 Thomae

215 1230 438 1271 Balfrunte
461 1244 510 1270 ex
532 1233 651 1282 parte
674 1228 870 1268 orientali
891 1242 1025 1282 usque
1048 1229 1102 1269 ad
1122 1234 1292 1282 pratum
1309 1229 1413 1269 dicti
1435 1229 1551 1269 Petri
1571 1229 1617 1269 in
1630 1230 1815 1284 Arpeley

214 1299 437 1339 continens
460 1297 761 1351 septemdecim
783 1312 899 1338 acras
921 1312 971 1339 ex
991 1304 1111 1352 parte
1132 1298 1384 1339 occidentali
1401 1303 1443 1338 et
1466 1298 1548 1338 alia
1565 1312 1660 1338 acra
1681 1298 1814 1339 dicta-

214 1382 309 1407 rum
342 1372 523 1420 quatuor
555 1380 747 1407 acrarum
778 1367 970 1407 extendit
1000 1367 1047 1408 in
1076 1367 1347 1420 longitudine
1379 1381 1403 1406 a
1431 1366 1645 1420 praedietis
1677 1367 1814 1407 tribus

215 1436 321 1477 acris
345 1436 447 1476 dicti
476 1435 592 1475 Petri
619 1435 803 1488 parcella
824 1435 1035 1476 dictarum
1058 1441 1239 1489 quatuor
1264 1450 1313 1476 ex
1339 1441 1459 1489 parte
1485 1436 1660 1476 australi
1680 1450 1815 1490 usque

215 1504 268 1544 ad
302 1510 460 1544 terram
496 1503 718 1544 willielmi
754 1504 936 1545 Botiller
971 1505 1016 1545 in
1051 1509 1204 1546 tenura
1240 1505 1412 1546 Ricardi
1447 1506 1732 1559 KVynyngton
1764 1520 1815 1546 ex

214 1578 333 1627 parte
355 1572 514 1613 boreali
535 1578 577 1613 et
600 1573 659 1612 sic
680 1573 882 1626 praedicta
903 1587 999 1614 acra
1014 1574 1129 1628 jacet
1151 1588 1201 1614 ex
1222 1579 1462 1615 transverso
1482 1574 1705 1628 praedictas
1727 1580 1814 1615 tres

215 1655 346 1682 acras.

273 1710 385 1750 Item
402 1714 521 1749 tenet
537 1724 667 1749 unam
685 1724 825 1750 aeram
841 1711 952 1764 prati
969 1711 1020 1752 de
1033 1712 1246 1765 praedictis
1265 1711 1567 1766 septemdecim
1583 1711 1689 1751 acris
1702 1713 1814 1765 prati

209 1779 424 1833 jacentem
455 1778 502 1818 in
532 1779 718 1833 Arpeley
747 1779 949 1832 predicta,
992 1794 1085 1833 quae
1117 1780 1261 1820 omnia
1292 1780 1495 1834 praedicta
1524 1794 1814 1834 messuagium

214 1847 394 1900 coquina
425 1860 593 1886 orreum
625 1847 851 1899 gardinum
881 1853 1005 1889 terrae
1037 1854 1079 1889 et
1110 1854 1231 1902 prata
1261 1849 1403 1889 valent
1435 1849 1549 1889 dieto
1580 1849 1708 1890 Petro
1738 1865 1814 1903 per

214 1930 374 1956 annum
401 1915 554 1968 viginti
585 1929 657 1955 sex
689 1916 845 1957 solidos
878 1921 920 1957 et
952 1922 1048 1958 octo
1080 1917 1274 1959 denarios
1304 1931 1402 1958 cum
1431 1918 1601 1958 servitio
1631 1918 1812 1960 duorum

212 1984 377 2025 dierum
399 1983 741 2037 autumpnalium
763 1999 855 2038 quae
875 1986 1016 2027 valent
1037 2000 1112 2040 per
1135 2001 1295 2027 annum
1318 1993 1501 2040 quatuor
1523 1986 1734 2029 denarios.

274 2124 295 2178 ξ
318 2123 506 2163 Tnoms
531 2123 726 2162 SWANNE
750 2122 802 2163 de
822 2123 1093 2177 lVeryngton
1114 2124 1317 2177 praedicta
1337 2128 1456 2165 tenet
1479 2124 1530 2165 de
1554 2124 1667 2165 dicto
1684 2125 1812 2165 Petro

215 2191 337 2244 Legh
369 2205 505 2230 unum
537 2191 827 2244 messuagium
855 2206 953 2232 eum
987 2192 1154 2233 stabulo
1187 2197 1230 2234 et
1262 2207 1383 2234 orreo
1410 2193 1578 2233 ustrina
1609 2197 1652 2233 et
1686 2193 1813 2234 domo

212 2258 500 2299 turbariorum
534 2272 632 2299 cum
668 2259 844 2312 gardino
880 2265 922 2300 et
954 2261 1160 2313 pomoerio
1196 2276 1289 2315 quae
1316 2261 1487 2315 quidem
1522 2261 1811 2314 messuagium

215 2327 431 2368 stabulum
464 2341 632 2368 orreum
665 2327 891 2380 gardinum
924 2333 966 2368 et
998 2329 1251 2382 pomoerium
1274 2330 1422 2384 jacent
1451 2335 1493 2370 et
1525 2329 1739 2370 situantur
1765 2330 1812 2370 in

214 2396 306 2436 vico
328 2395 379 2436 de
400 2396 606 2449 Newgate
629 2395 825 2436 videlicet
846 2410 897 2436 ex
917 2401 1037 2450 parte
1058 2397 1255 2438 orientali
1283 2399 1386 2439 dicti
1407 2399 1488 2439 vici
1515 2399 1561 2438 in
1582 2398 1811 2439 latitudine

214 2465 328 2505 inter
359 2465 521 2505 dictum
552 2465 841 2517 messuagium
872 2468 914 2504 et
945 2465 1171 2518 gardinum
1194 2466 1296 2507 dieti
1322 2467 1439 2508 Petri
1459 2467 1506 2508 in
1527 2472 1682 2507 tenura
1701 2467 1810 2507 Wil-

214 2534 347 2575 lielmi
375 2533 571 2574 Fletcher
599 2547 649 2573 ex
677 2538 798 2587 parte
825 2532 984 2574 boreali
1013 2538 1055 2574 et
1083 2535 1374 2589 messuagium
1395 2541 1437 2577 et
1458 2541 1616 2577 terram
1637 2536 1810 2577 Thomae

663 2683 671 2702 ¹
690 2684 784 2715 Ante
802 2693 885 2725 page
901 2684 932 2715 4.
1084 2684 1096 2703 ²
1112 2685 1207 2717 Ante
1224 2695 1308 2727 page
1326 2687 1355 2719 4.
