1991 2916
207 194 262 232 92
473 207 527 233 DE
553 207 825 235 REDDITIBUS
849 208 1145 235 CAPITALIBUS
1171 209 1219 235 IN
1239 209 1532 236 WERYNGTON.

267 317 572 359 VVtLLIELMUs
595 319 826 359 BorlLLER
848 319 1031 373 armiger
1052 319 1165 359 filius
1183 324 1225 360 et
1246 319 1381 360 haeres
1400 321 1425 360 J
1429 319 1611 360 ohannis
1634 320 1814 362 Botiller

172 375 174 377 ‚
209 386 358 426 militis
394 386 593 427 dominus
628 387 679 428 de
713 389 911 428 Beawsee
944 392 1064 428 tenet
1098 387 1149 427 de
1183 387 1298 427 dicto
1319 387 1448 428 Petro
1470 385 1591 441 Legh
1613 388 1749 429 milite
1771 389 1816 429 in

209 455 346 509 capite
368 460 410 495 et
431 470 506 509 per
528 456 749 496 servitium
770 457 954 497 militare
975 461 1023 496 ut
1046 461 1163 510 patet
1184 470 1259 510 per
1276 462 1438 496 cartam
1459 457 1710 510 originalem
1731 458 1816 498 duo

207 538 317 564 nova
348 523 555 578 burgagia
596 525 674 566 sub
715 541 802 566 uno
842 531 956 567 tecto
998 526 1205 567 aedificat-a
1245 531 1394 566 vocata
1433 530 1592 566 terram
1636 526 1816 566 Henrici

211 593 496 634 Lacheforthe
518 594 767 647 perquisita¹
793 594 844 634 de
865 609 952 635 uno
975 595 1158 635 Ricardo
1175 595 1318 634 Patun
1338 599 1380 635 et
1399 594 1449 634 de
1470 609 1601 635 uxore
1625 595 1815 648 ejusdem

210 666 259 701 ut
292 662 343 702 de
371 662 468 715 jure
502 662 626 703 dictae
654 663 797 703 uxoris
827 677 924 704 eum
949 678 1035 704 uno
1062 663 1240 717 gardino
1264 663 1330 703 vel
1363 663 1499 703 erofto
1533 669 1575 703 et
1609 664 1816 717 pomoerio

211 730 372 770 eisdem
393 731 644 784 messuagiis
668 732 960 784 spectantibus
983 737 1025 772 et
1046 731 1374 784 pertinentibus,
1399 746 1491 785 quae
1514 732 1686 784 quiden]
1704 746 1814 772 mes-

213 799 359 852 suagia
380 799 557 852 gardina
578 804 620 839 et
641 800 846 852 pomoeria
861 800 1007 853 jacent
1025 805 1067 840 et
1085 800 1299 839 situantur
1319 800 1365 839 in
1380 800 1472 839 vieo
1494 800 1545 840 de
1570 801 1817 854 Sonkygate

212 867 336 908 dictae
368 867 477 908 villae
506 868 551 907 in
586 867 813 908 latitudine
850 868 955 908 dicti
987 868 1182 921 pomoerii
1215 868 1383 921 gardini
1420 869 1505 909 sive
1542 869 1665 909 crofti
1697 875 1739 909 et
1771 869 1816 910 in

211 936 478 989 longitudine
501 936 713 976 dictorum
739 936 1040 989 burgagiorum
1061 937 1174 976 inter
1194 936 1485 990 messuagium
1507 937 1611 977 dicti
1634 938 1751 978 Petri
1771 938 1817 977 in

210 1011 363 1045 tenura
386 1005 542 1058 Rogeri
566 1005 787 1045 Holbroke
809 1019 859 1045 ex
876 1011 995 1059 parte
1014 1005 1266 1046 occidentali
1288 1010 1330 1045 et
1351 1020 1508 1045 novum
1527 1007 1816 1059 messuagium

213 1073 315 1113 dicti
337 1074 559 1113 willielmi
588 1074 768 1114 Botiller
789 1079 831 1114 et
853 1074 1080 1127 gardinum
1113 1074 1159 1114 in
1191 1079 1345 1114 tenura
1372 1075 1551 1115 Henrici
1586 1075 1734 1116 Sadler
1767 1090 1816 1116 ex

210 1147 330 1194 parte
356 1143 552 1183 orientali
573 1147 616 1183 et
640 1142 877 1183 extendunt
898 1143 943 1183 in
965 1143 1192 1183 latitudine
1214 1142 1426 1182 dictorum
1448 1143 1752 1197 burgagiorum
1775 1149 1817 1184 et

212 1210 256 1250 in
276 1211 544 1264 longitudine
567 1212 670 1252 dicti
693 1212 860 1265 gardini
883 1213 967 1253 sive
985 1212 1109 1253 crofti
1131 1217 1173 1252 et
1194 1211 1390 1265 pomoerii
1412 1226 1436 1251 a
1457 1212 1548 1252 vico
1571 1212 1623 1252 de
1648 1212 1815 1266 Sonky-

212 1284 309 1331 gate
330 1280 532 1332 praedicto
554 1295 604 1320 ex
625 1286 745 1333 parte
767 1281 924 1321 boreali
945 1295 1080 1334 usque
1098 1281 1150 1320 ad
1167 1280 1421 1334 pomoerium
1442 1280 1624 1320 fratrum
1645 1283 1815 1333 Augus-

210 1347 444 1387 tinensium
467 1348 591 1388 dictae
607 1348 716 1389 villae
739 1348 789 1389 de
807 1349 862 1388 W
866 1354 1078 1402 eryngton
1096 1354 1281 1402 exparte
1305 1348 1492 1399 australi,
1516 1363 1608 1402 quae
1630 1349 1816 1389 reddunt

210 1415 323 1456 dicto
347 1417 473 1456 Petro
493 1431 568 1470 per
590 1431 750 1457 annum
773 1417 824 1457 de
846 1417 1016 1470 capitali
1039 1416 1210 1457 redditu
1232 1417 1418 1470 quinque
1441 1417 1610 1457 solidos.

270 1554 510 1595 Hmmcus
532 1555 708 1594 B1R0M2
730 1558 848 1594 tenet
871 1553 922 1594 de
945 1554 1058 1594 dicto
1081 1555 1207 1594 Petro
1225 1554 1346 1607 Legh
1367 1554 1412 1593 in
1435 1554 1571 1607 capite
1593 1569 1667 1608 per
1689 1554 1815 1594 servi-

211 1623 320 1662 tium
350 1623 533 1662 militare
563 1637 697 1662 unum
726 1636 885 1662 novum
910 1622 1144 1675 hospitium
1172 1623 1218 1662 in
1244 1636 1326 1675 quo
1354 1623 1378 1661 J
1383 1623 1572 1662 ohannes
1609 1623 1817 1663 Hardwar

211 1706 347 1745 nuper
367 1692 525 1732 mansit
541 1692 688 1745 jacens
710 1691 755 1731 in
776 1691 867 1731 vico
885 1691 1067 1732 ducente
1085 1706 1109 1731 a
1123 1692 1162 1731 le
1181 1692 1386 1731 Marketh
1407 1698 1504 1745 yate
1527 1692 1577 1732 de
1601 1692 1813 1746 Weryng-

210 1765 287 1800 ton
308 1775 441 1814 usque
464 1760 517 1800 ad
538 1761 667 1800 altam
684 1760 905 1800 ecclesiam
923 1760 1137 1814 quondam
1152 1766 1351 1800 vocatum
1367 1760 1406 1800 le
1424 1759 1690 1801 Morslande3
1712 1775 1809 1801 cum

213 1830 394 1883 coquino
427 1835 469 1870 et
506 1829 674 1869 stabulo
708 1843 805 1869 cuin
847 1829 939 1869 aliis
978 1829 1175 1870 domibus
1211 1829 1460 1869 necessariis
1495 1829 1609 1882 quod
1644 1829 1815 1882 quidem

212 1898 502 1952 messuagium
525 1912 622 1938 611111
643 1898 914 1951 pertinentiis
939 1899 1054 1952 jacet
1076 1903 1118 1939 et
1141 1899 1327 1938 situatur
1347 1899 1393 1938 in
1413 1898 1684 1951 longitudine
1705 1898 1818 1939 inter

212 1971 368 2006 terrain
400 1967 445 2006 in
482 1967 556 2007 lite
592 1967 851 2021 pendentem
876 1968 989 2008 inter
1010 1968 1223 2008 haeredem
1250 1967 1433 2009 Galfridi
1456 1968 1511 2007 W
1515 1967 1741 2007 erburton4
1764 1967 1815 2007 de

212 2035 454 2075 Newcrofte
476 2040 518 2076 et
540 2037 748 2076 Thomam
770 2037 971 2091 Danyell5
995 2037 1046 2077 de
1068 2037 1227 2092 Tabley
1243 2037 1371 2077 modo
1392 2037 1439 2076 in
1460 2042 1614 2076 tenura
1638 2036 1817 2076 Henrici

212 2103 432 2144 Wodecok
454 2118 503 2144 ex
524 2110 643 2157 parte
661 2105 913 2145 occidentali
930 2110 973 2146 et
989 2110 1148 2146 terram
1170 2107 1195 2145 J
1200 2105 1380 2146 ohannis
1405 2105 1577 2159 Sonkey
1598 2105 1643 2145 in
1664 2110 1817 2145 tenura

257 2290 263 2308 ¹
286 2291 319 2322 It
342 2291 368 2322 is
390 2294 450 2322 not
472 2291 544 2323 said
565 2292 610 2333 by
629 2292 721 2323 what
743 2296 900 2324 ancestor
920 2292 958 2324 of
977 2292 1138 2325 VVilliam
1161 2294 1308 2326 Botiller
1328 2294 1398 2326 this
1419 2294 1586 2336 purchase
1607 2304 1674 2325 was
1694 2294 1816 2333 made3

214 2344 379 2385 probably
396 2345 423 2376 it
441 2356 507 2376 was
523 2346 568 2386 by
581 2345 633 2376 his
649 2345 775 2386 father,
792 2346 850 2377 Sir
861 2346 968 2386 John,
983 2346 1061 2378 that
1077 2347 1136 2378 the
1156 2349 1323 2389 purchase
1339 2348 1428 2381 from
1446 2348 1600 2381 Richard
1617 2348 1733 2380 Patun
1749 2349 1816 2380 and

214 2397 266 2428 his
284 2397 360 2429 wife
378 2409 443 2429 was
460 2399 633 2439 acquired.

253 2451 266 2471 2
280 2451 323 2482 In
339 2462 358 2483 a
375 2456 454 2483 note
470 2456 506 2484 to
523 2464 607 2494 page
624 2453 666 2484 86
683 2453 751 2484 will
767 2454 808 2485 be
825 2453 933 2485 found
949 2465 968 2485 a
985 2454 1085 2486 claim
1103 2455 1141 2486 of
1154 2456 1214 2487 the
1230 2456 1314 2488 time
1327 2456 1366 2488 of
1379 2456 1502 2497 IIenry
1516 2455 1619 2496 VII.,
1634 2456 1679 2497 by
1692 2455 1816 2496 Henry

216 2505 344 2546 Byrom
361 2506 428 2537 and
446 2506 635 2538 constance
652 2507 704 2538 his
721 2507 810 2538 wife.
855 2507 940 2538 This
964 2508 1087 2550 IIenry
1110 2508 1251 2550 Byrom,
1274 2510 1457 2550 according
1477 2514 1513 2542 to
1536 2509 1593 2541 Sir
1610 2509 1714 2541 Peter
1730 2509 1816 2550 Ley-

214 2563 334 2600 cester,
356 2570 421 2591 was
443 2559 480 2591 of
500 2560 559 2591 the
583 2560 728 2601 Byroms
750 2559 786 2591 in
809 2559 1026 2601 Lancashire,
1047 2562 1114 2593 and
1138 2562 1179 2594 he
1196 2573 1263 2595 was
1281 2564 1447 2606 probably
1463 2564 1523 2595 the
1544 2563 1667 2604 Henry
1685 2563 1815 2604 Byrom

214 2613 412 2644 mentioned
429 2613 463 2643 in
480 2613 539 2644 the
556 2617 643 2644 text.

255 2666 268 2685 ³⁴
284 2667 345 2698 See
361 2666 429 2698 this
447 2677 545 2699 name
562 2667 698 2699 noticed
714 2667 749 2698 in
766 2667 824 2699 the
844 2668 1097 2700 Introduction.
