1991 2916
222 223 303 260 104
492 233 545 258 DE
566 232 837 259 REDDITIBUS
861 230 1155 257 CAPITALIBUS
1181 230 1227 255 lx
1254 228 1543 255 WERYNGTON.

276 344 390 384 Item
411 342 613 396 praedicta
635 356 730 382 acra
751 346 898 382 vocata
920 340 1188 395 Fytcheakyr
1200 340 1313 393 jacet
1334 339 1380 379 in
1399 339 1537 379 tribus
1558 337 1750 392 partibus
1770 338 1817 378 in

220 427 370 467 campo
400 413 451 453 de
479 413 638 466 Hollay
674 425 852 464 quarum
887 410 981 451 duae
1014 415 1155 463 partes
1187 409 1333 462 jacent
1365 408 1411 448 in
1443 407 1671 448 latitudine
1703 407 1818 447 inter

217 487 376 522 terram
418 481 590 521 Ricardi
630 480 801 521 Torfote
835 494 886 520 ex
928 485 1048 533 parte
1089 478 1286 519 orientali
1318 483 1360 518 et
1400 483 1560 518 terram
1600 475 1818 529 Ranulphi

221 550 381 590 Rixton
402 563 452 589 ex
473 555 592 603 parte
619 548 871 589 occidentali
903 554 945 588 et
977 547 1213 588 extendunt
1234 547 1280 586 in
1300 545 1568 599 longitudine
1590 559 1614 584 a
1635 544 1818 597 quadam

220 632 316 659 acra
336 623 484 659 vocata
504 617 750 672 Pyketakyr
772 616 1029 669 antescripta
1055 629 1105 656 ex
1126 620 1245 668 parte
1266 614 1425 655 boreali
1446 627 1580 667 usque
1603 613 1655 653 ad
1677 626 1818 653 acram

219 687 399 727 haeredis
422 686 595 726 Rioardi
624 685 850 725 Pasmethe
876 684 922 724 in
947 690 1100 724 tenura
1125 683 1348 723 willielmi
1372 682 1488 722 Hille
1511 696 1561 722 ex
1581 686 1700 734 parte
1723 696 1816 721 aus-

219 755 317 795 trali
344 760 386 795 et
412 755 539 795 tertia
565 768 660 807 pars
688 753 899 806 praedictae
928 767 1033 793 acrae
1059 751 1249 792 extendit
1274 751 1321 791 in
1347 750 1616 804 longitudine
1649 765 1673 790 a
1704 754 1819 790 terra

220 823 442 863 Willielmi
460 822 638 862 Botiller
655 826 804 861 vocata
826 820 1090 875 Hobbeakyr
1107 821 1158 860 de
1177 821 1356 874 Lymme
1370 820 1417 859 in
1432 824 1586 859 tenura
1603 819 1818 872 Radulphi

222 891 527 943 Kellurmargh
554 904 602 930 ex
630 895 748 943 parte
771 889 1025 930 occidentali
1054 903 1188 942 usque
1222 888 1274 928 ad
1304 888 1528 941 praedictas
1551 887 1655 927 duas
1676 894 1817 940 partes

219 974 269 1000 ex
290 964 408 1012 parte
430 958 625 999 orientali
647 964 689 998 et
706 958 819 1011 jacet
840 958 887 997 in
907 957 1134 997 latitudine
1154 957 1268 997 inter
1289 962 1447 996 terram
1470 956 1574 996 dicti
1594 956 1818 997 willielmi

221 1028 400 1069 Botiller
432 1027 478 1067 in
509 1034 662 1067 tenma
694 1026 893 1067 Edwardi
924 1026 1092 1080 Twysse
1119 1039 1169 1065 ex
1193 1031 1312 1079 parte
1336 1024 1495 1065 boreali
1524 1030 1565 1064 et
1599 1024 1819 1065 dimidiam

221 1110 362 1136 acram
384 1095 607 1136 Wissielmi
638 1094 817 1135 Botiller
847 1108 984 1147 nuper
1012 1093 1059 1133 in
1088 1099 1241 1134 tenura
1271 1093 1447 1134 rectoris
1476 1093 1527 1134 de
1548 1094 1820 1147 KVeryngton

222 1179 274 1205 ex
296 1170 416 1218 parte
438 1164 624 1214 australi,
658 1178 750 1217 quae
777 1162 978 1216 praedicta
998 1162 1184 1203 reddunt
1207 1162 1320 1203 dicto
1342 1162 1468 1202 Petro
1490 1176 1564 1216 per
1585 1176 1746 1202 annum
1768 1161 1819 1202 de

224 1234 394 1288 capitali
414 1233 586 1274 redditu
608 1233 713 1273 duos
736 1231 905 1272 solidos,

280 1372 557 1412 Rinmmrs
578 1371 706 1410 PARR
727 1375 846 1411 tenet
868 1370 920 1411 de
947 1370 1149 1424 praedicto
1178 1370 1305 1409 Petro
1337 1368 1384 1409 in
1416 1368 1552 1422 capite
1584 1382 1658 1422 per
1692 1367 1819 1408 servi-

220 1440 331 1481 tium
350 1441 534 1481 militare
554 1455 689 1480 unum
716 1439 1006 1493 messuagium
1033 1453 1130 1479 cum
1157 1438 1333 1492 gardino
1354 1442 1552 1478 vocatum
1573 1451 1621 1477 ex
1646 1436 1820 1489 antiquo

220 1515 411 1563 tempore
433 1510 624 1563 Bellyn's
645 1508 771 1548 lande
800 1507 988 1562 jacentia
1018 1507 1066 1547 in
1097 1507 1137 1547 le
1172 1506 1455 1560 Kyrkestrete
1477 1505 1690 1559 praedictae
1710 1505 1821 1545 villae

222 1577 274 1617 de
296 1578 566 1631 W'eryngton
586 1577 631 1617 in
651 1577 877 1617 latitudine
900 1576 1003 1617 dicti
1034 1576 1200 1629 gardini
1227 1581 1269 1616 et
1294 1575 1562 1628 longitudine
1585 1574 1688 1614 dicti
1709 1587 1820 1613 mes-

223 1646 360 1698 suagii
380 1646 492 1686 inter
512 1645 801 1698 messuagium
820 1644 1004 1685 Gilberti
1022 1644 1228 1698 Rysseley
1247 1644 1294 1683 in
1314 1649 1467 1683 tenura
1493 1643 1668 1682 Thomae
1694 1641 1821 1695 Pepir

222 1727 273 1754 ex
300 1719 419 1767 parte
452 1713 703 1754 occidentali
736 1718 778 1753 et
810 1712 1066 1765 burgagium
1102 1726 1283 1752 vacuum
1320 1711 1538 1764 Ranulphi
1574 1710 1734 1750 Rixton
1770 1724 1821 1750 ex

223 1788 343 1836 parte
364 1782 560 1823 orientali
591 1788 633 1822 et
664 1781 901 1822 extendunt
932 1781 978 1821 in
1007 1780 1277 1834 longitudine
1299 1780 1402 1820 dicti
1424 1779 1590 1833 gardini
1611 1784 1653 1820 et
1673 1779 1820 1819 latitu-

225 1850 323 1890 dine
346 1850 449 1890 dicti
469 1850 699 1903 messuagii
726 1864 749 1890 a
776 1850 979 1904 praedicto
1000 1850 1091 1890 vico
1124 1849 1174 1890 de
1208 1849 1490 1904 Kyrkestrete
1513 1862 1563 1888 ex
1583 1854 1702 1901 parte
1725 1862 1820 1888 aus-

224 1918 322 1959 trali
354 1933 488 1972 usque
529 1919 582 1959 ad
623 1919 835 1972 quoddam
876 1918 1059 1959 eroftum
1090 1923 1386 1972 nuncupatum
1420 1917 1663 1971 Merbury's
1695 1916 1821 1957 lande

224 1986 442 2040 pertinens
458 1987 555 2040 jure
578 1987 789 2027 abbathiae
818 1987 870 2027 de
895 1987 1068 2027 Norton
1100 1987 1146 2026 in
1178 1993 1331 2026 tenura
1354 1987 1378 2025 J
1383 1985 1562 2026 ohannis
1585 1984 1822 2039 Dyehefeld

225 2069 276 2096 ex
296 2060 414 2109 parte
435 2055 608 2106 boreali,
632 2071 724 2109 quae
745 2056 931 2096 reddunt
963 2055 1014 2096 de
1046 2054 1217 2109 capitali
1237 2054 1409 2095 redditu
1428 2068 1503 2108 per
1524 2068 1685 2094 annum
1707 2053 1822 2094 dioto

225 2125 352 2165 Petro
375 2138 443 2164 sex
467 2124 674 2165 denarios.

285 2262 520 2301 Rumam-s
552 2261 754 2301 ToRForE
781 2266 900 2301 tenet
922 2261 973 2301 de
999 2260 1113 2301 dicto
1146 2261 1273 2301 Petro
1305 2260 1352 2300 in
1383 2260 1519 2313 capite
1551 2273 1626 2313 per
1659 2258 1822 2299 dictum

227 2329 445 2370 servitium
467 2329 550 2370 duo
571 2329 776 2383 burgagia
791 2330 967 2369 insimul
983 2330 1171 2383 jacentia
1193 2330 1269 2370 sub
1291 2344 1378 2370 uno
1399 2334 1513 2370 tecto
1535 2343 1633 2369 cum
1655 2328 1822 2369 duobus

227 2398 414 2451 gardinis
435 2398 481 2438 in
503 2398 617 2438 dicto
637 2399 728 2438 vico
751 2398 801 2438 de
825 2398 1108 2452 Kyrkestrete
1125 2412 1222 2438 cum
1238 2413 1325 2438 una
1340 2412 1436 2438 acra
1451 2404 1575 2438 terrae
1595 2397 1641 2437 in
1665 2398 1823 2452 Hollay

227 2481 319 2520 quae
337 2466 507 2520 quidem
527 2467 732 2520 burgagia
747 2467 891 2521 jacent
909 2472 951 2508 et
968 2468 1183 2508 situantur
1198 2468 1311 2508 inter
1326 2467 1579 2521 burgagium
1599 2467 1822 2507 ruinosum

180 2567 186 2574 .
226 2535 273 2575 in
292 2535 519 2576 latitudine
541 2535 752 2576 dictorum
774 2536 1050 2589 gardinorum
1072 2541 1114 2577 et
1144 2536 1413 2590 longitudine
1436 2536 1646 2576 dictorum
1667 2535 1822 2588 burga-

227 2603 393 2657 giorum
411 2604 626 2657 Ranulphi
643 2603 802 2644 Rixton
816 2618 866 2645 ex
881 2610 1000 2658 parte
1014 2604 1264 2645 occidentali
1282 2610 1323 2645 et
1338 2604 1628 2657 messuagium
1641 2602 1821 2643 haeredis

230 2671 386 2725 Rogeri
407 2672 666 2726 Arosmythe
686 2672 732 2713 in
753 2677 906 2713 tenura
928 2672 1143 2727 Radulphj
1165 2673 1395 2714 Fawkener
1416 2686 1465 2713 ex
1486 2677 1606 2726 parte
1627 2671 1823 2712 orientali
