1991 2916
214 212 295 251 102
477 224 531 250 DE
556 222 828 250 REDDI'MBUS
851 222 1146 250 CAPITALlssus
1171 222 1219 249 IN
1243 223 1534 250 WERYNGTON.

270 333 384 374 Item
404 337 524 374 tenet
540 347 670 373 unam
688 346 828 373 acram
844 338 967 374 terrae
982 333 1029 373 in
1046 332 1159 374 dicto
1177 332 1348 373 servitio
1364 333 1579 386 jacentem
1594 332 1641 372 in
1663 345 1810 386 campo

212 403 263 444 de
287 403 444 458 Hollay
465 403 512 443 in
533 416 616 456 quo
638 402 719 442 alia
740 416 835 442 acra
856 401 959 441 dieti
980 401 1159 441 haeredis
1181 401 1426 442 continetur
1447 406 1490 441 et
1510 401 1732 441 limitatur.

268 473 383 512 Item
404 476 523 512 tenet
544 471 589 511 in
611 470 725 511 dioto
748 470 918 510 servitio
940 484 1070 509 unam
1103 484 1242 510 acram
1263 475 1387 510 terrae
1410 469 1578 509 arabilis
1596 469 1811 523 jacentem

211 540 256 581 in
277 541 413 581 tribus
445 539 639 593 parcellis
669 539 716 579 in
746 538 964 579 communi
993 552 1143 591 campo
1175 538 1226 579 de
1260 539 1431 594 Hollay.
1496 539 1603 580 Quae
1623 543 1747 580 terrae
1769 544 1811 579 et

209 613 457 650 tenementa
486 607 689 661 praedicta
714 607 901 647 reddunt
938 606 1051 647 (11οϊ0
1079 608 1207 647 Petro
1248 606 1300 647 de
1341 607 1510 660 capitali
1541 607 1712 647 redditu
1737 621 1812 661 per

210 692 371 718 annum
397 675 689 718 novemdecim
711 675 906 715 denarios
928 680 971 715 et
992 690 1127 715 unum
1149 676 1411 728 quarterium
1432 675 1602 729 piperis.

268 815 417 855 Unum
444 828 601 854 novum
630 812 918 866 messuagium
950 817 1093 853 ortum
1119 818 1161 853 et
1189 813 1443 866 pomoerium
1469 827 1605 866 nuper
1631 812 1811 854 Henriei

210 883 396 937 Fyssher
417 887 459 922 et
482 881 700 922 Katerinae
730 881 873 921 uxoris
905 881 1096 934 ejusdem
1126 882 1267 934 legata
1288 881 1475 922 ecelesiae
1497 882 1593 922 altae
1615 881 1666 921 de
1687 881 1810 922 VVer-

209 956 372 1006 yngton
409 950 462 990 ad
494 955 659 1004 partem
693 949 1019 989 sustentationis
1045 949 1173 989 unius
1200 950 1407 1002 capellani
1432 949 1685 990 celebrantis
1713 955 1812 991 ante

210 1033 379 1060 crucem
401 1018 524 1059 diotae
546 1017 747 1068 ecelesiae,
780 1017 894 1071 quod
916 1017 1087 1071 quidem
1110 1018 1400 1071 messuagium
1421 1022 1564 1058 ortum
1586 1023 1628 1058 et
1648 1032 1811 1072 pomoe-

207 1088 319 1128 rium
335 1088 480 1142 jaeent
503 1091 544 1127 et
568 1086 783 1126 situantur
797 1086 844 1126 in
859 1085 951 1126 vico
968 1085 1020 1126 de
1039 1086 1322 1141 Kyrkestrete
1338 1087 1447 1127 villae
1469 1086 1521 1127 de
1537 1087 1811 1141 VVeryngton

207 1161 250 1197 et
278 1161 482 1197 tenentur
507 1155 558 1196 de
585 1155 698 1195 dieto
731 1155 859 1195 Petro
892 1155 1013 1208 Legh
1045 1155 1092 1194 in
1124 1156 1262 1208 eapite
1286 1169 1361 1209 per
1395 1155 1557 1196 dictum
1591 1157 1811 1197 servitium

202 1225 389 1280 jacentia
408 1225 455 1265 in
474 1223 702 1264 latitudine
724 1223 936 1263 dictorum
957 1223 1040 1263 orti
1062 1228 1104 1263 et
1132 1223 1328 1276 pomoerii
1349 1229 1391 1264 et
1412 1223 1682 1277 longitudine
1703 1239 1809 1278 prae-

207 1294 310 1335 dieti
342 1292 573 1346 messuagii
596 1292 710 1332 inter
734 1291 1026 1344 messuagium
1052 1296 1094 1331 et
1128 1296 1270 1332 ortum
1295 1292 1475 1332 haeredis
1513 1292 1672 1346 Rogeri
1699 1294 1809 1333 Aro-

207 1363 376 1418 smythe
398 1377 449 1403 ex
468 1366 588 1415 parte
610 1360 808 1401 orientali
830 1365 872 1401 et
894 1360 1185 1414 messuagium
1207 1365 1249 1401 et
1280 1366 1423 1401 ortum
1446 1361 1619 1401 Rieardi
1639 1362 1810 1402 Bruehe

204 1436 352 1473 vocata
373 1430 571 1472 Barber's
591 1429 717 1470 lande
739 1443 790 1470 ex
810 1433 931 1483 parte
953 1429 1205 1470 occidentali
1227 1434 1269 1469 et
1291 1430 1532 1470 extendunt
1553 1430 1599 1470 in
1619 1430 1808 1484 longitu-

206 1501 305 1541 dine
327 1500 431 1540 dicti
451 1499 534 1540 orti
555 1503 597 1539 et
617 1498 845 1539 latitudine
867 1498 1059 1552 praedicti
1080 1498 1311 1552 messuagii
1333 1513 1356 1538 a
1377 1498 1580 1552 praedicta
1602 1504 1737 1539 strata
1758 1499 1809 1540 de

207 1569 488 1624 Kyrkestrete
510 1582 560 1608 ex
579 1572 699 1621 parte
721 1567 896 1607 australi
916 1581 1051 1620 usque
1073 1566 1126 1607 ad
1147 1572 1291 1607 ortum
1311 1567 1513 1608 Nioholai
1534 1567 1737 1608 Blundell
1758 1582 1809 1608 ex

205 1641 326 1691 parte
358 1636 530 1687 boreali,
568 1650 661 1689 quae
693 1635 880 1675 reddunt
918 1635 1032 1676 (110ῒο
1072 1636 1200 1676 Petro
1236 1635 1289 1676 de
1324 1636 1495 1690 capitali
1529 1636 1702 1677 redditu
1734 1651 1810 1690 per

207 1719 368 1746 annum
390 1704 615 1745 duodecim
636 1704 845 1744 denarios.

266 1843 380 1882 Item
416 1841 500 1881 duo
534 1840 742 1894 burgagia
780 1839 957 1879 insimul
999 1839 1157 1880 situata
1197 1853 1294 1880 cum
1335 1840 1500 1881 duobus
1542 1840 1731 1894 gardinis
1768 1845 1811 1882 et

205 1924 335 1950 unam
357 1923 497 1950 acram
515 1914 639 1949 terrae
655 1908 702 1948 in
720 1908 879 1962 Hollay
895 1907 1056 1948 eisdem
1078 1908 1344 1962 adjacentem
1359 1914 1553 1949 vocatam
1569 1909 1608 1950 le
1626 1910 1808 1964 Fytche-

204 1978 329 2019 lande
345 1991 461 2018 1111110
479 1977 768 2031 pertinentem
785 1976 973 2017 ecelesiae
990 1976 1086 2017 altae
1104 1976 1154 2016 de
1172 1977 1443 2032 &Veryngton
1459 1991 1534 2031 per
1550 1978 1811 2031 legationem

203 2052 407 2088 tenentur
440 2047 491 2087 de
525 2046 639 2086 dicto
673 2046 803 2086 Petro
836 2045 958 2098 Legh
990 2059 1066 2099 per
1102 2045 1266 2085 dictum
1300 2046 1519 2087 servitium
1546 2047 1735 2101 jacentia
1761 2048 1809 2087 in

205 2121 339 2157 strato
358 2120 508 2157 vocato
530 2115 809 2155 Hethestrete
829 2113 939 2154 villae
967 2113 1018 2154 de
1039 2114 1312 2167 Weryngton
1341 2114 1387 2154 in
1416 2115 1645 2156 latitudine
1672 2116 1806 2157 dicto-

204 2200 300 2225 rum
330 2185 606 2238 gardinorum
631 2188 674 2223 et
698 2182 969 2236 longitudine
1000 2183 1212 2223 dictorum
1236 2183 1542 2236 burgagiorum
1566 2183 1680 2224 inter
1712 2199 1806 2238 gar-

205 2254 356 2294 dinum
388 2253 492 2293 dieti
524 2252 641 2293 Petri
675 2252 796 2304 Legh
820 2265 957 2305 nuper
981 2251 1027 2291 in
1054 2256 1208 2292 tenura
1240 2252 1463 2293 Willielmi
1497 2253 1723 2308 Kyngeley
1756 2268 1807 2294 ex

203 2327 323 2376 parte
352 2321 527 2361 australi
555 2325 598 2360 et
631 2320 840 2360 venellam
872 2324 1066 2360 vocatam
1099 2321 1192 2373 Bag
1226 2321 1323 2361 lane
1352 2334 1402 2361 ex
1429 2326 1550 2374 parte
1577 2321 1738 2362 boreali
1763 2327 1806 2363 et

204 2389 442 2431 extendunt
462 2389 510 2428 in
529 2387 801 2441 longitudine
823 2387 1036 2428 dictorum
1058 2389 1335 2441 gardinorum
1357 2394 1399 2429 et
1420 2390 1648 2430 latitudine
1670 2390 1804 2431 dicto-

204 2473 300 2499 rum
325 2457 630 2511 burgagiorum
651 2470 674 2496 a
695 2455 897 2509 praedicta
917 2457 1081 2496 venella
1102 2457 1154 2497 de
1177 2458 1456 2499 Hethestrete
1478 2472 1531 2499 ex
1552 2463 1672 2512 parte
1693 2459 1803 2499 0001-

203 2526 364 2568 dentali
383 2539 517 2579 usque
539 2524 591 2565 ad
613 2523 837 2577 gardinum
859 2524 1058 2565 Nicholai
1081 2525 1281 2567 Blundell
1303 2540 1353 2567 ex
1373 2532 1494 2580 parte
1515 2527 1728 2567 orientali.
