1991 2916
199 203 279 242 128
486 220 539 245 DE
565 221 722 247 Tunius
749 222 798 248 ET
821 223 1104 250 TENEMEN'rls
1130 223 1177 249 IN
1201 224 1508 251 OVERFORTHE.

253 327 366 368 Item
387 333 506 370 tenet
528 331 653 372 aliam
676 346 815 373 acram
836 338 961 374 terrae
981 338 1172 374 vocatam
1205 334 1242 374 le
1276 334 1496 388 Holeakyr
1512 334 1728 387 jacentem
1750 335 1795 374 111

195 394 421 438 latitudine
457 398 570 440 inter
604 406 763 441 terram
796 401 899 442 dieti
936 402 1052 442 Petri
1086 407 1128 442 et
1168 402 1213 444 in
1245 407 1399 442 tenura
1434 402 1538 442 dicti
1572 403 1795 443 willielmi

196 464 372 518 Cowper
393 480 444 507 ex
468 474 587 521 parte
609 470 785 509 australi
816 475 858 511 et
889 476 1046 511 terram
1069 471 1173 511 dieti
1195 471 1312 511 Petri
1333 471 1378 511 in
1398 476 1552 511 tenura
1572 472 1795 511 willielmi

196 533 409 575 Chaloner
430 550 480 576 ex
501 543 620 590 parte
642 539 801 579 boreali
838 545 880 581 et
916 540 1108 581 extendit
1140 541 1186 580 in
1219 540 1488 593 longitudine
1511 555 1534 580 a
1554 544 1668 579 terra
1688 554 1793 593 pree-

195 601 298 642 dieti
331 603 447 644 Petri
472 604 517 645 in
545 611 698 647 tenura
723 607 826 648 dieti
861 608 1033 648 Rieardi
1069 609 1284 649 Sothurne
1318 623 1368 649 ex
1394 614 1512 662 parte
1542 608 1795 649 occidentali

194 684 329 724 usque
363 672 416 712 ad
446 677 604 714 terram
639 675 861 716 Laurentii
895 677 1085 729 Longtre
1118 677 1408 730 praescriptam
1433 682 1625 717 vocatam
1652 678 1794 730 Irpuls

194 739 328 780 Erthe
349 741 394 780 in
415 746 568 782 tenura
589 743 691 783 dieti
713 745 767 784 W
771 744 935 784 illielmi
957 745 1169 785 Chaloner
1193 760 1243 785 ex
1262 750 1383 798 parte
1404 745 1613 786 orientali.
1688 747 1795 787 Quae

194 809 397 861 praedicta
417 811 603 851 reddunt
626 812 740 852 dieto
763 813 889 853 Petro
911 814 1033 866 Legh
1065 814 1117 853 ad
1138 814 1402 854 voluntatem
1422 829 1498 868 per
1520 829 1680 854 annum
1700 829 1794 870 ‚Sep-

195 878 421 919 temdecim
456 880 612 920 solidos
644 885 686 920 et
716 881 862 921 (1006111
891 881 1086 921 denarios
1120 896 1218 921 011111
1250 882 1420 922 servitio
1452 882 1581 922 unius
1613 882 1696 923 diei
1720 897 1796 936 per

195 960 355 987 annum
376 948 593 1001 implendo
614 949 758 1002 bigam
779 950 965 989 finialem
987 964 1080 1003 (1116Ἀ
1096 951 1207 990 valet
1229 951 1335 991 duos
1353 951 1562 1002 denarios,
1584 951 1688 991 item
1709 966 1796 992 una

195 1015 262 1055 (116
278 1030 353 1069 per
374 1031 535 1057 annum
555 1018 749 1058 faciendo
765 1018 929 1059 foenum
946 1033 1038 1071 quae
1055 1019 1165 1059 valet
1181 1034 1256 1073 per
1278 1034 1439 1060 annum
1457 1020 1678 1060 denarium
1697 1034 1795 1060 eum

195 1089 377 1137 quatuor
402 1086 551 1127 diebus
580 1087 927 1140 autumpnalibus
957 1102 1050 1141 quae
1076 1088 1219 1129 valent
1243 1102 1317 1142 per
1346 1103 1506 1129 annum
1536 1093 1632 1129 octo
1666 1089 1793 1129 dena-

194 1166 292 1194 rios

254 1292 513 1333 GILBERTUS
536 1294 713 1335 MADUR
735 1294 786 1335 de
809 1294 1062 1336 Overforthe
1088 1296 1290 1349 praedieto
1317 1300 1436 1337 tenet
1458 1295 1509 1336 (16
1531 1295 1646 1336 dieto
1667 1296 1794 1336 Petro

195 1360 247 1400 ad
273 1361 582 1402 voluntatatem
615 1378 751 1403 unum
776 1364 1067 1417 messuagium
1097 1378 1193 1405 011111
1222 1379 1342 1405 orreo
1372 1369 1414 1405 et
1448 1369 1541 1405 orto
1575 1379 1673 1405 011111
1708 1379 1795 1404 11110

194 1429 329 1469 erofto
351 1435 499 1471 vocato
522 1432 628 1472 Gale
650 1432 795 1472 Crofte
817 1433 1065 1473 continente
1088 1433 1191 1472 duas
1214 1447 1330 1472 aeras
1353 1438 1476 1473 terrae
1498 1433 1680 1484 arabilis,
1703 1448 1796 1487 quae

195 1498 366 1551 quidem
398 1501 688 1553 messuagium
721 1506 863 1541 ortum
889 1507 931 1541 et
960 1502 1144 1542 oroftum
1173 1503 1320 1556 jacent
1357 1507 1399 1542 et
1434 1502 1650 1542 situantur
1682 1502 1796 1542 inter

194 1567 401 1607 venellam
424 1568 475 1607 de
498 1569 750 1609 Overforthe
772 1584 821 1609 ex
843 1575 962 1623 parte
985 1570 1159 1610 australi
1180 1575 1222 1610 et
1243 1570 1489 1623 praedietam
1512 1575 1670 1610 terram
1693 1570 1796 1610 dicti

195 1636 312 1675 Petri
343 1636 389 1676 in
421 1641 573 1676 tenura
606 1637 709 1677 dieti
730 1637 953 1678 willielmi
982 1640 1158 1692 Cowper
1182 1643 1376 1678 vocatam
1411 1639 1517 1679 Gale
1552 1639 1709 1692 Sperth
1745 1653 1795 1679 ex

194 1709 314 1757 parte
346 1705 505 1745 boreali
539 1711 581 1746 et
614 1707 851 1746 extendunt
884 1707 930 1746 in
956 1707 1225 1760 longitudine
1259 1721 1283 1747 a
1314 1712 1428 1747 terra
1464 1707 1567 1747 (11011
1600 1707 1718 1747 Petri
1749 1707 1796 1748 in

194 1778 347 1813 tenura
368 1774 471 1814 dicti
488 1775 710 1815 Willielmi
728 1776 903 1829 Cowper
925 1790 974 1816 ex
994 1781 1114 1829 parte
1132 1776 1386 1816 occidentali
1406 1791 1541 1830 usque
1563 1777 1616 1817 ad
1637 1782 1795 1816 terram

195 1841 298 1882 dieti
319 1843 435 1883 Petri
457 1848 499 1884 et
519 1844 565 1884 111
586 1848 740 1884 tenura
765 1844 869 1884 dieti
890 1845 1113 1885 VVillielmi
1135 1845 1348 1886 Chaloner
1370 1860 1418 1886 ex
1440 1850 1560 1899 parte
1583 1845 1793 1887 orientali.

252 1911 364 1950 Item
396 1916 516 1952 tenet
541 1926 676 1952 unum
702 1913 886 1953 eroftum
910 1918 1107 1953 vocatum
1140 1914 1265 1954 medo
1298 1914 1381 1967 hey
1407 1914 1630 1954 continens
1664 1929 1795 1954 unam

194 1993 334 2019 acram
356 1984 398 2019 at
420 1980 640 2020 dimidiam
661 1986 784 2022 terrae
816 1996 911 2022 011111
945 1982 1114 2035 sepibus
1139 1987 1182 2022 et
1206 1982 1331 2022 fossis
1352 1982 1564 2023 inclusum
1581 1983 1728 2036 jacens
1749 1983 1796 2023 111

193 2047 419 2088 latitudine
440 2049 553 2089 inter
573 2054 731 2090 terram
753 2049 856 2090 dieti
877 2050 994 2090 Petri
1019 2050 1065 2090 in
1094 2055 1247 2090 tenura
1269 2051 1372 2091 dieti
1395 2051 1617 2091 Wrfflielmi
1640 2052 1794 2092 Chalo-

194 2130 270 2156 ner
297 2130 347 2156 ex
372 2122 492 2170 parte
514 2117 767 2158 occidentali
799 2123 841 2158 et
869 2119 1165 2172 praescriptum
1197 2119 1382 2160 rivulum
1416 2119 1467 2160 de
1503 2120 1712 2173 Hoghton
1745 2135 1793 2161 ex

194 2189 313 2236 parte
347 2186 542 2226 orientali
575 2191 617 2226 et
650 2187 842 2226 extendit
877 2187 923 2227 in
958 2188 1228 2240 longitudine
1262 2203 1285 2228 a
1317 2193 1431 2229 terra
1464 2189 1567 2229 dicti
1600 2189 1717 2229 Petri
1749 2190 1794 2230 in

193 2256 347 2292 tenura
380 2253 482 2293 dicti
516 2255 541 2293 J
545 2255 725 2294 ohannis
754 2255 945 2295 Sothurn
974 2270 1023 2295 ex
1048 2261 1167 2309 parte
1201 2256 1361 2297 boreali
1392 2272 1525 2310 usque
1551 2257 1604 2297 ad
1636 2262 1795 2298 terram

194 2321 385 2374 praedieti
407 2322 522 2362 Petri
543 2322 589 2362 in
609 2327 762 2362 tenura
784 2322 886 2363 dieti
907 2323 1130 2364 Willielmi
1152 2325 1364 2365 Chaloner
1386 2338 1436 2365 ex
1462 2330 1581 2378 parte
1604 2327 1792 2367 australi.

254 2390 367 2429 Item
388 2395 506 2430 tenet
527 2405 662 2430 unum
683 2405 860 2443 parvum
887 2392 1048 2431 Parrok
1082 2406 1179 2432 oum
1214 2393 1384 2446 sepibus
1411 2393 1625 2434 inclusum
1647 2395 1794 2448 jacens

194 2458 241 2498 in
261 2458 487 2498 latitudine
509 2459 621 2499 inter
642 2464 800 2499 terram
826 2460 930 2500 dieti
960 2461 1076 2500 Petri
1106 2461 1152 2501 in
1183 2466 1336 2502 tenura
1357 2462 1460 2502 dieti
1483 2463 1508 2502 J
1513 2463 1692 2503 ohannis
1718 2464 1793 2503 So-

194 2527 327 2568 thurn
360 2541 411 2567 ex
442 2532 561 2580 parte
595 2528 769 2568 australi
802 2533 846 2568 et
881 2532 1038 2568 terram
1072 2530 1263 2582 praedicti
1289 2531 1405 2571 Petri
1431 2531 1478 2570 in
1505 2536 1658 2571 tenura
1691 2531 1794 2572 dieti

195 2595 417 2636 Willielmi
451 2596 625 2650 Cowper
653 2611 703 2637 ex
728 2602 847 2651 parte
872 2598 1032 2639 boreali
1060 2604 1102 2639 et
1129 2600 1362 2640 extendens
1395 2600 1442 2640 in
1474 2599 1743 2653 longitudine
1770 2613 1794 2639 a
