1991 2916
213 238 268 275 50
509 249 562 274 DE
586 249 744 276 Tunius
769 248 820 274 Εἰ*
842 248 1125 275 TENEMENris
1150 248 1197 274 IN
1224 247 1513 274 wianNG'roN.

211 358 299 398 fere
320 357 480 399 boreali
501 364 544 399 et
565 359 720 413 partim
743 358 997 399 occidentali
1023 363 1066 399 et
1093 357 1284 398 extendit
1304 358 1351 398 in
1371 356 1640 410 longitudine
1658 370 1682 396 a
1697 361 1810 395 terra

213 427 317 466 dicti
338 428 455 467 Petri
475 428 521 467 in
542 434 695 468 tenura
715 428 937 468 Willielmi
961 428 1157 467 Fletcher
1179 427 1356 467 senioris
1379 440 1428 466 ex
1449 430 1569 479 parte
1590 425 1678 465 fere
1700 424 1809 465 oeci-

213 496 374 535 (lentali
406 503 448 536 et
479 498 635 550 partim
667 497 841 537 australi
872 511 1006 549 usque
1036 497 1089 536 ad
1119 502 1277 536 terram
1306 495 1409 535 dicti
1441 494 1558 535 Petri
1589 494 1634 534 in
1658 499 1812 534 tenura

214 565 238 604 J
244 565 424 605 ohannis
445 566 652 605 Hardwar
674 580 724 606 ex
744 570 864 618 parte
885 565 972 605 fere
994 565 1191 605 orientali
1212 569 1254 604 et
1275 564 1431 617 partim
1452 562 1624 603 boreali.

272 634 385 673 Item
424 639 544 674 tenet
580 634 631 674 de
673 634 787 673 (licto
823 634 950 673 Petro
991 648 1121 673 unam
1159 633 1379 673 dimidiam
1421 646 1561 672 acram
1601 636 1726 671 terrae
1765 631 1812 670 in

214 702 399 756 Arpeley
420 702 623 755 praedicto
647 703 863 756 jacentem
888 703 934 742 in
958 702 1186 742 latitudine
1208 702 1320 741 inter
1341 706 1499 741 terram
1522 699 1738 753 Ranulphi
1760 699 1812 739 de

215 771 391 810 Rixtonl
415 771 461 810 in
482 776 635 811 tenura
657 770 833 810 Roberti
856 770 964 824 Ocly
985 784 1034 810 ex
1056 775 1175 823 parte
1198 770 1372 810 australi
1394 774 1436 809 et
1457 774 1615 809 terram
1635 767 1814 808 Henrici

215 839 362 879 Birom
383 840 429 880 in
449 845 603 880 tenura
620 840 644 879 J
649 839 829 879 ohannis
848 839 1082 879 Hardewar
1098 854 1148 879 ex
1169 844 1288 893 parte
1310 838 1469 879 boreali
1491 843 1533 878 et
1555 837 1746 878 extendit
1767 837 1813 877 in

213 907 482 960 longitudine
500 923 523 948 a
539 913 653 948 terra
670 907 773 947 dicti
789 907 1005 960 Ranulphi
1020 908 1180 948 Rixton
1196 908 1241 946 in
1257 912 1411 947 tenura
1428 905 1600 946 Ricardi
1617 905 1814 945 Fletcher

214 989 265 1016 ex
285 982 405 1029 parte
427 976 623 1016 orientali
644 989 778 1029 usque
801 975 853 1014 ad
874 980 1032 1015 terram
1062 975 1087 1014 J
1092 975 1272 1015 ohannis
1300 975 1463 1015 Norres
1485 988 1535 1014 ex
1563 978 1683 1028 parte
1704 973 1813 1014 occi-

215 1043 389 1095 dentali,
409 1059 500 1097 quae
517 1044 720 1098 praedicta
732 1044 918 1084 reddunt
933 1044 1047 1084 dicto
1062 1044 1187 1084 Petro
1203 1044 1323 1097 Legh
1336 1044 1411 1097 per
1425 1058 1585 1083 annum
1602 1074 1812 1083 ........

214 1126 311 1152 cum
333 1114 504 1153 servitio
526 1113 708 1154 duorum
730 1113 896 1154 dierum
919 1113 1263 1167 autumpnalium
1285 1127 1377 1167 quae
1394 1112 1536 1154 valent
1557 1126 1632 1166 per
1654 1125 1815 1152 annum

215 1186 397 1235 quatuor
419 1182 628 1223 denarios

276 1319 297 1373 ᾧ
329 1318 568 1359 JOHANNEs
605 1320 886 1360 DYCHEFELD
923 1318 975 1359 de
1006 1319 1278 1373 VVeryngton
1307 1322 1427 1358 tenet
1459 1317 1510 1358 de
1542 1317 1656 1358 dicto
1687 1317 1816 1357 Petro

218 1386 339 1440 Legh
373 1389 509 1429 milite
544 1403 680 1429 unum
715 1388 1005 1442 messuagium
1043 1388 1121 1428 sub
1157 1392 1272 1428 tecto
1308 1401 1405 1428 cum
1440 1386 1682 1440 messuagio
1715 1385 1818 1426 dicti

216 1455 333 1496 Petri
368 1457 414 1497 in
448 1462 603 1497 tenura
637 1457 830 1511 praedicti
865 1457 1089 1497 Willielmi
1126 1457 1391 1511 Mulyngton
1426 1456 1683 1497 {edificatum
1719 1468 1818 1495 cum

217 1525 395 1577 gardino
416 1526 555 1566 eidem
576 1526 817 1579 messuagio
840 1526 1060 1579 adjacente
1081 1526 1128 1566 111
1150 1526 1264 1566 dicto
1284 1526 1377 1565 loco
1400 1525 1524 1565 dictae
1544 1525 1653 1564 villae
1669 1528 1818 1564 vocato

218 1594 340 1633 Pratt
360 1608 471 1635 rowe
495 1595 683 1648 jacentia
703 1595 749 1635 in
769 1595 1040 1648 longitudine
1061 1595 1174 1635 inter
1195 1593 1483 1647 messuagium
1505 1593 1608 1633 dicti
1636 1592 1753 1632 Petri
1772 1592 1819 1632 in

216 1666 372 1702 tenura
391 1663 583 1715 praedicti
599 1663 823 1703 Willielmi
845 1663 1110 1717 Mulyngton
1132 1677 1185 1702 ex
1206 1668 1326 1716 parte
1348 1661 1602 1702 occidentali
1623 1666 1665 1701 et
1687 1661 1819 1701 alium

218 1731 507 1784 messuagium
545 1730 648 1771 dieti
685 1731 802 1771 Petri
836 1731 883 1771 in
918 1736 1073 1771 tenura
1108 1730 1324 1783 Radulphi
1359 1730 1575 1770 Sothurne
1612 1743 1662 1769 ex
1697 1734 1819 1782 parte

219 1799 416 1839 orientali
438 1799 551 1852 quod
574 1799 745 1853 quidem
772 1800 1062 1853 messuagium
1091 1800 1274 1839 situatur
1302 1813 1352 1839 ex
1379 1802 1499 1852 parte
1527 1798 1687 1839 boreali
1716 1798 1820 1838 dicti

219 1867 299 1907 fori
321 1867 372 1907 de
386 1868 656 1922 WVeryngton
677 1873 720 1908 et
741 1867 967 1921 gardinum
989 1868 1240 1922 praedictum
1256 1868 1371 1921 jacet
1391 1867 1438 1907 in
1457 1867 1686 1907 latitudine
1706 1866 1820 1907 inter

219 1936 381 1977 vicum2
422 1937 494 1990 qui
535 1937 653 1977 ducit
693 1951 718 1977 a
756 1936 849 1977 foro
892 1936 943 1977 de
979 1937 1250 1991 Weryngton
1285 1950 1432 1976 versus
1467 1935 1732 1989 Longforthe
1769 1949 1821 1976 ex

219 2010 338 2058 parte
367 2005 564 2046 orientali
597 2010 639 2045 et
673 2004 899 2058 gardinum
928 2005 1033 2045 dicti
1065 2005 1182 2045 Petri
1209 2005 1256 2045 in
1283 2010 1436 2045 tenura
1464 2004 1567 2044 dicti
1598 2004 1821 2044 Willielmi

220 2074 486 2128 Mulyngton
507 2088 558 2114 ex
578 2078 698 2127 parte
714 2073 969 2114 occidentali
991 2078 1033 2114 et
1055 2073 1247 2114 extendit
1267 2073 1314 2113 in
1333 2072 1602 2126 longitudine
1625 2086 1648 2112 a
1668 2072 1822 2113 bruera

221 2142 272 2182 de
293 2143 564 2197 Weryngton
592 2156 643 2182 ex
670 2147 790 2195 parte
819 2141 979 2182 boreali
1006 2155 1141 2195 usque
1170 2141 1224 2181 ad
1252 2141 1479 2195 gardinum
1501 2141 1605 2181 dicti
1632 2141 1748 2182 Petri
1775 2141 1822 2182 in

221 2212 375 2248 tenura
396 2209 422 2249 J
426 2209 606 2249 ohannis
630 2208 874 2262 Hakynsall
899 2223 948 2249 ex
970 2213 1090 2261 parte
1112 2208 1301 2248 australi.

280 2277 395 2317 Item
434 2281 553 2317 tenet
594 2276 699 2316 duas
741 2290 858 2316 acras
893 2281 1018 2316 terrae
1057 2275 1240 2316 invicem
1274 2276 1467 2330 jacentes
1502 2275 1549 2316 in
1585 2289 1733 2329 campo
1769 2275 1822 2316 de

876 2413 884 2433 ¹
904 2413 999 2445 Ante
1015 2424 1100 2455 page
1116 2414 1147 2445 5.

264 2465 277 2485 2
292 2466 374 2498 This
391 2469 509 2507 street,
524 2466 635 2498 which
651 2466 679 2497 is
695 2477 772 2498 now
787 2467 846 2498 the
862 2467 961 2498 horse
974 2467 1121 2507 market,
1133 2466 1169 2498 in
1181 2467 1241 2498 the
1258 2467 1354 2508 reign
1371 2466 1408 2499 of
1421 2467 1554 2508 Geor-ge
1568 2467 1619 2498 ΙΙ.
1634 2477 1701 2498 was
1714 2466 1823 2498 called

222 2521 282 2552 the
298 2521 393 2552 beast
410 2520 545 2551 market
561 2530 599 2552 01·
616 2520 736 2551 Heath
753 2523 871 2560 street,
893 2531 929 2551 as
946 2531 1088 2561 appears
1105 2520 1195 2552 from
1210 2521 1270 2551 the
1290 2520 1465 2561 following
1480 2520 1689 2561 description
1705 2520 1744 2552 of
1762 2519 1823 2551 the

222 2573 384 2616 premises
401 2573 582 2604 contained
598 2573 633 2604 in
651 2573 779 2605 several
795 2573 996 2604 indentures
1012 2573 1051 2605 of
1069 2573 1158 2605 lease
1175 2573 1242 2605 and
1258 2574 1396 2615 release,
1411 2574 1514 2606 dated
1530 2574 1756 2616 respectively
1771 2574 1823 2605 lst

221 2628 291 2660 and
307 2628 374 2659 2nd
392 2627 487 2669 May,
504 2627 597 2667 1728,
612 2627 679 2658 and
695 2627 763 2658 2nd
779 2627 846 2658 and
863 2627 924 2657 3rd
942 2627 1111 2669 January,
1129 2628 1212 2661 1729
1228 2640 1235 2660 ε

265 2683 286 2700 “
299 2682 359 2713 All
375 2682 452 2713 that
469 2681 626 2722 building
642 2681 750 2713 called
767 2681 834 2712 and
850 2681 975 2713 known
992 2682 1036 2722 by
1053 2682 1112 2713 the
1129 2692 1228 2714 name
1244 2681 1283 2714 of
1301 2683 1361 2714 the
1378 2682 1433 2714 old
1450 2686 1548 2714 court
1564 2683 1680 2722 house,
1695 2681 1823 2713 situate

223 2736 291 2768 and
315 2736 414 2777 being
433 2739 469 2769 at
489 2736 549 2768 the
570 2735 693 2776 higher
709 2735 775 2768 end
794 2734 833 2767 of
848 2735 908 2767 the
928 2735 984 2767 old
1006 2745 1087 2768 corn
1108 2736 1256 2778 market,
1272 2737 1411 2778 (except
1426 2736 1486 2767 the
1503 2736 1661 2777 dungeon
1678 2735 1745 2768 and
1761 2735 1822 2767 the
