1991 2916
201 178 282 217 136
490 190 543 216 DE
568 190 725 216 TERRIS
752 190 801 215 ET
824 189 1109 215 TENEMENTIS
1136 190 1181 215 IN
1207 190 1515 216 OYERFORTHE.

194 299 391 341 orientali
413 314 557 340 versus
578 299 870 353 praescriptam
891 300 1089 339 ultimam
1112 299 1382 354 Gorstyakyr
1403 314 1537 353 usque
1560 300 1612 340 ad
1642 305 1797 341 terram

195 369 298 409 dicti
331 369 447 409 Petri
479 369 524 409 in
558 374 712 409 tenura
744 369 847 409 dicti
883 368 1060 409 Henrici
1100 368 1321 408 Holbrokc
1363 382 1412 408 ex
1447 374 1568 422 parte
1604 369 1800 410 occiden-

194 438 284 479 tali.

251 507 364 547 Item
377 510 496 546 tenet
511 506 723 559 quandam
737 507 963 560 parcellam
980 506 1090 560 prati
1104 507 1335 560 vulgariter
1353 512 1545 547 vocatam
1560 520 1634 560 per
1648 513 1798 547 tenen-

192 580 257 617 tes
279 576 318 616 lc
340 575 615 629 Pcnyplokke
637 580 679 615 ct
711 575 849 615 dictus
880 575 1040 615 rivulus
1062 579 1235 615 vocatus
1261 574 1471 627 Hoghton
1491 575 1623 615 broke
1647 575 1798 616 circuit

193 659 243 686 ex
265 645 440 697 antiquo
461 648 653 697 tempore
674 643 920 696 praedictam
942 643 1170 696 parcellam
1192 648 1234 683 et
1252 643 1391 683 dictus
1408 643 1570 683 rivulus
1589 644 1722 684 currit
1745 658 1799 684 ex

192 718 312 768 parte
327 713 578 753 occidentali
592 713 805 766 praedictae
818 713 1010 766 parcellae
1019 712 1202 766 jacentis
1216 712 1261 752 in
1277 726 1425 766 campo
1441 712 1614 752 Ricardi
1629 713 1799 753 Bruche

195 788 340 823 vocato
364 782 573 836 Hankeye
608 787 650 822 et
684 787 798 822 terra
829 782 1022 835 praedicti
1057 781 1229 822 Ricardi
1264 782 1434 821 Bruche
1456 781 1607 822 circuit
1640 781 1799 822 dictam

191 852 418 905 parcellam
452 851 555 891 dicti
590 851 707 891 Petri
743 866 792 891 ex
826 851 943 891 omni
976 856 1095 904 parte
1129 856 1248 891 extra
1283 850 1536 890 occidentali
1569 855 1689 903 parte
1724 849 1799 890 ubi

193 921 331 961 dictus
364 921 526 960 rivulus
556 920 607 960 de
637 919 848 972 Hoghton
874 919 1019 969 currit,
1055 933 1148 972 quae
1173 919 1318 959 omnia
1344 918 1548 972 praedicta
1574 919 1621 958 in
1646 923 1800 959 tenura

193 989 295 1030 dicti
317 988 540 1029 Willielmi
572 989 748 1041 Cowper
778 988 920 1028 valent
953 987 1067 1028 dicto
1098 988 1226 1028 Petro
1258 1001 1332 1041 per
1363 1001 1524 1027 annum
1556 987 1800 1040 quindecim

192 1059 348 1099 solidos
370 1072 467 1098 cum
490 1057 661 1097 servitio
681 1056 809 1096 unius
828 1056 911 1096 diei
927 1070 1002 1110 per
1024 1071 1184 1097 annum
1206 1056 1423 1110 implendo
1444 1056 1588 1109 bigam
1609 1056 1797 1097 fimalem

194 1142 286 1181 quae
306 1127 418 1167 valet
441 1126 546 1166 duos
579 1125 788 1175 denarios,
819 1124 925 1165 item
956 1138 1043 1164 una
1074 1124 1141 1165 (116
1172 1124 1366 1165 faciendo
1387 1124 1551 1165 foenum
1573 1139 1666 1178 quae
1686 1125 1798 1165 valet

190 1210 265 1250 per
282 1211 441 1236 annum
459 1195 680 1236 denarium
698 1208 796 1235 cum
813 1199 994 1248 quatuor
1011 1193 1160 1235 diebus
1178 1193 1526 1248 autumpnalibus
1545 1208 1637 1247 quae
1654 1194 1796 1235 valent

192 1271 289 1306 octo
310 1264 518 1306 denarios.

246 1403 551 1442 W1LL1ELMUS
574 1402 825 1442 CHALONER
854 1400 906 1440 de
940 1400 1193 1441 Overforthe
1222 1400 1425 1453 praedicto
1450 1405 1568 1440 tenet
1597 1399 1648 1440 de
1680 1399 1794 1440 dicto

190 1472 316 1511 Petro
338 1486 472 1511 unum
494 1470 781 1523 messuagium
798 1483 896 1509 cum
918 1483 1084 1510 camera
1105 1483 1225 1509 orreo
1248 1474 1289 1510 et
1311 1474 1405 1509 orto
1427 1484 1524 1510 cum
1545 1469 1659 1508 falda
1681 1469 1795 1522 quod

191 1541 362 1594 quidem
383 1540 672 1593 messuagium
694 1553 791 1579 cum
814 1552 980 1578 camera
1011 1552 1131 1578 orreo
1163 1543 1205 1578 et
1236 1543 1330 1578 orto
1346 1539 1492 1591 jacent
1514 1542 1556 1578 et
1579 1537 1796 1578 situantur

188 1609 301 1649 inter
323 1609 452 1648 altam
473 1608 583 1648 viam
605 1607 656 1647 de
674 1606 926 1647 Overforthe
948 1606 1151 1659 praedicto
1172 1610 1357 1658 exparte
1375 1605 1550 1645 australi
1572 1611 1614 1645 et
1635 1611 1794 1646 terram

191 1678 294 1718 dicti
316 1677 432 1718 Petri
453 1677 499 1717 in
523 1682 676 1716 tenura
705 1675 807 1715 dicti
834 1675 1019 1716 Gilberti
1044 1674 1203 1714 Madur
1228 1679 1420 1714 vocatam
1442 1674 1574 1714 Medo
1598 1675 1721 1729 Heye
1743 1689 1793 1715 cx

189 1752 308 1800 parte
340 1746 499 1787 borcali
533 1750 575 1786 et
611 1745 848 1785 extendunt
882 1745 929 1784 in
963 1743 1233 1797 longitudine
1267 1758 1291 1782 a
1324 1743 1438 1783 dicto
1471 1743 1607 1783 rivulo
1643 1748 1793 1784 vocato

192 1815 402 1868 Hoghton
422 1814 554 1854 broke
576 1828 625 1853 ex
647 1818 766 1867 parte
788 1812 984 1853 orientali
1005 1826 1139 1865 usque
1162 1811 1214 1851 ad
1247 1811 1460 1864 quoddam
1483 1811 1667 1851 croftum
1689 1811 1793 1852 dicti

189 1885 306 1925 Petri
326 1884 371 1924 in
392 1889 545 1924 tenura
565 1883 669 1922 dicti
690 1882 912 1922 Willielmi
935 1882 1147 1922 Chaloner
1168 1895 1219 1921 ex
1240 1886 1359 1934 parte
1382 1880 1648 1921 occidentali.

248 1955 361 1994 Item
381 1958 500 1994 tenet
520 1967 655 1993 unum
687 1951 871 1992 croftum
904 1951 1127 1991 continens
1160 1950 1264 1990 duas
1297 1964 1414 1989 acras
1437 1955 1561 1990 terrae
1578 1950 1725 2004 jacens
1747 1950 1793 1990 in

188 2022 416 2063 latitudine
437 2022 550 2062 inter
572 2021 677 2061 duos
700 2035 870 2073 campos
893 2020 996 2060 dicti
1018 2019 1135 2060 Petri
1157 2023 1199 2059 et
1230 2018 1275 2058 in
1306 2023 1460 2058 tenura
1481 2018 1585 2058 dicti
1608 2018 1792 2059 Gilberti

190 2092 349 2132 Madur
382 2105 432 2131 ex
463 2095 644 2143 utraque
676 2094 797 2143 parte
830 2089 1026 2129 orientali
1060 2093 1102 2128 et
1135 2087 1388 2128 occidentali
1417 2092 1459 2127 et
1486 2088 1719 2129 extendens
1745 2088 1792 2128 in

188 2160 456 2214 longitudine
478 2174 502 2199 a
521 2164 635 2199 tcrra
656 2158 759 2198 dicti
780 2157 894 2198 Petri
925 2157 971 2197 in
1001 2161 1154 2197 tenura
1175 2155 1278 2195 dicti
1300 2155 1522 2195 Willielmi
1545 2156 1719 2209 Cowper
1741 2170 1791 2196 ex

188 2235 307 2283 parte
328 2228 487 2269 boreali
507 2241 641 2281 usquc
663 2226 717 2266 ad
738 2227 868 2266 altam
889 2226 1000 2266 viam
1022 2225 1073 2265 de
1096 2224 1349 2266 Overforthe
1370 2224 1573 2277 praedicto
1595 2238 1646 2264 ex
1666 2230 1788 2278 parte

191 2297 379 2338 australi.

248 2367 361 2406 Item
387 2369 505 2404 tenet
529 2377 659 2402 unam
691 2376 832 2402 acram
861 2366 984 2401 terrae
1004 2366 1198 2401 vocatam
1219 2362 1258 2401 16
1287 2361 1429 2402 Broke
1451 2361 1556 2416 akyr
1573 2362 1790 2415 jacentem

189 2436 235 2475 in
266 2433 493 2474 latitudine
527 2432 640 2471 inter
666 2435 824 2470 terram
858 2429 961 2469 dicti
994 2429 1110 2469 Petri
1144 2444 1279 2483 nuper
1310 2430 1356 2469 in
1392 2435 1545 2470 tenura
1578 2430 1604 2469 J
1608 2430 1789 2471 ohannis

191 2500 400 2553 Merbury
422 2498 495 2538 scd
516 2497 642 2537 modo
663 2496 707 2535 in
730 2501 882 2536 tenura
914 2494 1098 2535 Gilberti
1132 2495 1459 2549 Hoggckynson
1480 2510 1530 2536 ex
1550 2501 1670 2549 parte
1693 2510 1788 2535 aus-

190 2568 288 2609 trah'
315 2572 357 2608 et
383 2571 540 2607 terram
568 2565 670 2606 dicti
693 2563 865 2605 Ricardi
889 2563 1183 2605 Sotheworthe
1205 2565 1402 2618 armigeri
1424 2579 1474 2606 ex
1489 2569 1609 2618 parte
1630 2564 1789 2605 boreali
