1991 2916
167 267 245 305 122
450 280 504 306 DE
529 279 686 306 TERRIS
710 279 761 306 ET
784 279 1068 306 TENEMENTIS
1093 279 1139 305 IN
1165 278 1472 306 ox‘ERFoRTHE.

221 388 334 430 Item
354 394 473 431 tenet
494 404 630 431 unum
656 389 840 431 croftum
871 389 1095 431 continens
1118 389 1221 429 duas
1245 403 1361 429 aeras
1382 394 1506 429 terrae
1529 388 1697 429 arabilis
1719 393 1762 429 et

164 471 262 498 cum
295 458 466 513 sepibus
499 464 542 500 et
573 459 698 500 fossis
731 459 945 499 inclusum
965 459 1113 512 jacens
1139 458 1185 498 in
1209 458 1437 498 latitudine
1465 457 1578 498 inter
1603 462 1763 498 terram

163 526 266 567 dicti
284 528 400 568 Petri
415 529 552 569 vocati
569 528 913 569 Merburislande
931 542 980 568 ex
996 533 1116 582 parte
1138 527 1392 568 occidentali
1413 532 1455 567 et
1477 532 1635 567 terram
1658 527 1763 567 dieti

163 596 342 637 Roberti
364 597 614 652 Kyngeleye
636 611 686 638 ex
706 602 825 651 parte
847 597 1043 638 orientali
1064 602 1106 637 et
1128 597 1361 637 extendens
1382 596 1428 637 111
1448 596 1716 650 longitudine
1739 611 1763 637 a

162 664 277 706 dicto
298 671 391 707 orto
413 666 516 707 dieti
537 667 653 707 Petri
673 667 719 707 in
740 672 893 708 tenura
909 667 1012 707 dieti
1030 666 1201 707 Rieardi
1223 680 1272 706 ex
1293 671 1414 719 parte
1436 665 1611 705 australi
1626 679 1762 718 usque

162 734 215 774 ad
230 739 389 776 terram
406 735 509 776 dieti
524 734 643 776 Petri
655 741 849 777 vocatam
867 736 984 776 Rede
1001 736 1135 776 Erthe
1150 735 1196 776 in
1212 741 1364 776 tenura
1380 734 1573 788 praedieti
1589 733 1763 774 Rieardi

163 817 213 844 ex
234 808 354 857 parte
375 803 547 844 boreali.

219 873 333 913 Item
353 877 473 913 tenet
493 887 624 912 unam
646 886 787 913 aeram
817 877 942 913 terrae
967 873 1183 927 jacentem
1204 872 1250 912 111
1275 871 1478 926 praedicto
1499 870 1592 911 loco
1612 875 1762 912 vocato

164 940 279 982 Rede
304 941 438 981 Erthe
470 940 516 981 in
543 940 771 981 latitudine
803 941 917 981 inter
949 946 1107 982 terram
1136 941 1239 981 dieti
1266 940 1438 981 Rieardi
1467 939 1762 980 Sotheworthe

161 1023 211 1050 ex
250 1014 370 1063 parte
410 1009 664 1050 occidentali
704 1015 747 1050 et
787 1014 947 1050 terram
983 1009 1087 1050 dieti
1115 1010 1233 1050 Petri
1266 1010 1313 1050 in
1349 1015 1503 1050 tenura
1537 1008 1762 1049 Wfflielmi

160 1078 373 1119 Chaloner
393 1083 436 1119 et
456 1082 615 1119 terram
631 1078 735 1119 dieti
751 1079 974 1119 wilhelmi
996 1080 1176 1120 Botiller
1197 1093 1247 1120 ex
1267 1084 1387 1133 parte
1409 1078 1606 1119 orientali
1627 1083 1669 1118 et
1691 1092 1760 1118 ex-

159 1146 300 1187 tendit
331 1146 377 1187 in
408 1147 678 1201 longitudine
702 1162 725 1188 a
746 1147 861 1189 dieto
883 1148 1018 1189 orosto
1041 1147 1142 1188 dieti
1166 1147 1283 1189 Petri
1316 1152 1358 1188 et
1393 1147 1440 1187 in
1471 1152 1625 1187 tenura
1658 1146 1763 1187 dieti

160 1215 332 1256 Ricardi
367 1216 556 1256 Sothurn
586 1230 637 1256 ex
661 1221 781 1270 parte
810 1217 985 1257 australi
1017 1231 1151 1270 usque
1180 1216 1233 1257 ad
1260 1222 1419 1258 terram
1452 1216 1556 1257 dicti
1589 1215 1762 1257 Rieardi

159 1284 459 1325 Sothewurthe
484 1285 682 1339 armigeri
703 1300 753 1326 ex
773 1291 893 1340 parte
910 1286 1083 1327 boreali.

216 1353 330 1393 Item
362 1358 481 1394 tenet
509 1353 635 1394 aliam
668 1368 808 1395 aeram
841 1359 965 1396 terrae
997 1360 1190 1395 vocatam
1220 1354 1441 1408 Holeakyr
1468 1353 1684 1407 jacentem
1716 1352 1762 1394 in

159 1421 386 1463 latitudine
418 1422 532 1463 inter
563 1428 723 1463 terram
751 1423 855 1464 dieti
882 1424 999 1464 Petri
1027 1429 1220 1465 vocatam
1248 1423 1502 1477 Parkefylde
1529 1423 1576 1462 in
1608 1428 1763 1462 tenura

158 1490 382 1531 willielmi
404 1491 617 1532 Chaloner
639 1506 689 1532 ex
709 1497 829 1546 parte
850 1492 1010 1534 boreali
1031 1499 1074 1534 et
1094 1498 1253 1534 terram
1275 1493 1378 1534 dieti
1399 1491 1516 1532 Petri
1537 1491 1760 1532 eontinen-

157 1563 246 1600 tem
267 1559 415 1600 rodam
436 1564 561 1601 terrae
581 1560 628 1601 111
648 1566 801 1602 tenura
832 1561 935 1602 dieti
968 1562 1151 1602 Gilberti
1178 1561 1337 1602 Madur
1359 1575 1411 1601 ex
1437 1566 1558 1615 parte
1585 1560 1761 1601 australi

160 1632 202 1668 et
235 1628 538 1668 extendentem
569 1628 616 1668 in
647 1629 917 1682 longitudine
943 1644 967 1670 a
990 1635 1105 1670 terra
1130 1629 1233 1670 dieti
1258 1629 1375 1670 Petri
1400 1630 1445 1669 111
1470 1634 1624 1669 tenura
1657 1628 1761 1670 dieti

160 1696 342 1736 Henrici
365 1696 587 1736 Holbroke
609 1710 661 1736 ex
683 1702 803 1750 parte
825 1698 1021 1738 orientali
1042 1712 1176 1751 usque
1199 1698 1252 1737 ad
1272 1702 1430 1738 terram
1452 1697 1555 1738 (11011
1577 1697 1693 1737 Petri
1714 1697 1761 1737 in

157 1769 311 1805 tenura
331 1765 434 1805 dieti
456 1765 634 1806 Roberti
657 1766 882 1822 Kyngeley
904 1781 953 1807 ex
974 1772 1094 1821 parte
1115 1767 1381 1808 occidentali.

215 1834 329 1874 Item
344 1839 464 1874 tenet
486 1848 626 1874 aeram
647 1839 771 1875 terrae
792 1841 983 1876 vocatam
999 1836 1039 1876 le
1057 1836 1294 1890 Clayeakyr
1310 1836 1526 1890 jacentem
1546 1834 1593 1874 in
1612 1834 1758 1875 latitu-

157 1902 255 1944 dine
275 1903 389 1944 inter
409 1908 568 1944 terram
590 1903 693 1944 dieti
714 1904 830 1944 Petri
851 1905 897 1944 in
917 1909 1071 1945 tenura
1090 1905 1314 1945 Willielmi
1336 1905 1548 1946 Chaloner
1569 1918 1619 1944 ex
1640 1908 1760 1957 parte

157 1973 412 2013 occidentali
447 1978 490 2013 et
524 1978 683 2013 terram
719 1979 911 2014 vocatam
948 1974 1293 2014 Merburislande
1330 1973 1434 2013 dieti
1474 1972 1592 2013 Petri
1632 1977 1674 2012 et
1713 1972 1759 2013 in

156 2046 312 2082 tenura
333 2041 436 2082 dieti
459 2041 642 2082 Gilberti
662 2042 988 2096 Hoggekynson
1009 2057 1057 2083 ex
1079 2048 1198 2096 parte
1221 2042 1417 2083 orientali
1439 2046 1480 2082 et
1502 2041 1694 2082 extendit
1714 2041 1761 2082 in

156 2109 428 2164 longitudine
451 2125 475 2150 a
496 2110 610 2150 dieta
629 2115 744 2150 terra
765 2111 987 2152 Laurentii
1009 2112 1199 2165 Longtre
1220 2116 1369 2153 vocata
1389 2111 1532 2164 Irpuls
1554 2110 1688 2151 Erthe
1710 2124 1761 2151 ex

157 2184 279 2232 parte
302 2179 479 2219 australi
500 2193 635 2232 usque
658 2179 711 2219 ad
731 2185 890 2220 terram
913 2181 1015 2221 dieti
1035 2181 1152 2222 Petri
1172 2181 1218 2221 in
1239 2185 1393 2222 tenura
1414 2180 1518 2220 dieti
1538 2178 1760 2219 Wfflielmj

158 2248 370 2288 Chaloner
392 2262 443 2288 ex
463 2253 583 2301 parte
603 2247 775 2288 boreali.

215 2316 330 2356 Item
350 2321 471 2356 tenet
494 2316 619 2356 aliam
651 2330 791 2356 aeram
822 2321 947 2357 terrae
977 2323 1169 2358 vocatam
1190 2317 1451 2372 Emmeakyr
1477 2317 1692 2371 jacentem
1712 2316 1760 2357 in

156 2383 384 2424 latitudine
404 2384 518 2424 inter
539 2388 698 2424 terram
720 2384 823 2425 (11011
843 2385 960 2425 Petri
976 2385 1021 2425 in
1038 2390 1192 2426 tenura
1213 2387 1316 2427 dicti
1334 2386 1513 2427 Henrici
1536 2385 1758 2426 Holbroke

157 2465 208 2492 ex
241 2456 362 2505 parte
398 2452 650 2493 occidentali
690 2458 732 2493 et
772 2458 930 2494 terram
967 2454 1070 2494 dieti
1110 2456 1227 2496 Petri
1262 2456 1308 2496 111
1342 2460 1495 2496 tenura
1534 2454 1759 2495 Willielmi

158 2521 333 2573 Cowper
360 2534 410 2561 ex
435 2526 554 2574 parte
581 2521 777 2561 orientali
810 2527 851 2562 et
885 2523 1076 2563 extendit
1108 2524 1154 2564 in
1186 2524 1454 2578 longitudine
1477 2538 1500 2564 a
1520 2528 1635 2564 terra
1655 2522 1758 2563 (11011

157 2588 273 2629 Petri
300 2588 344 2629 in
372 2594 525 2630 tenura
552 2589 654 2630 dicti
683 2590 906 2631 Willielmi
935 2592 1110 2646 Cowper
1138 2607 1187 2634 ex
1218 2599 1337 2647 parte
1368 2592 1527 2634 boreali
1547 2606 1682 2645 usque
1704 2590 1757 2631 ad
