1991 2916
201 234 255 272 42
498 245 550 270 DE
575 244 733 270 'remus
759 244 809 269 ET
832 243 1115 270 TENEMENTIS
1141 242 1187 268 [N
1213 240 1503 267 WERYNGTON.

203 357 366 396 Garnet
398 370 447 395 ex
480 360 599 408 parte
632 354 807 395 australi
839 356 882 394 et
915 352 1218 394 extendentem
1248 351 1294 391 in
1324 349 1592 404 longitudine
1625 363 1648 389 a
1678 353 1800 402 prato

202 424 424 464 Wfflielmi
457 423 637 465 Botiller
668 423 714 463 in
745 428 900 463 tenura
933 421 1103 462 Rieardi
1138 421 1288 475 Massy
1316 434 1367 460 ex
1397 424 1517 473 parte
1548 417 1801 459 occidentali

202 507 336 547 usque
366 493 418 533 ad
447 492 660 546 quandam
689 506 829 532 aeram
857 491 968 544 prati
994 490 1096 530 dieti
1122 488 1344 530 Willielmi
1369 488 1549 530 Botiller
1576 487 1622 527 in
1648 492 1802 527 tenura

203 562 419 616 Radulphi
441 561 747 614 Kellurmargh
769 575 819 600 ex
839 564 959 613 parte
982 558 1191 600 orientali.

259 632 373 671 Item
398 635 517 671 tenet
546 630 672 671 aliam
700 629 921 670 dimidiam
950 643 1090 670 aeram
1117 628 1163 668 in
1186 627 1345 681 Hollay
1366 625 1568 680 praedieto
1585 624 1802 678 jacentem

201 700 248 740 in
274 700 502 740 latitudine
530 700 643 740 inter
670 704 828 740 terram
858 697 1038 739 Henriei
1064 697 1211 738 Birom
1233 697 1279 736 in
1299 702 1453 736 tenura
1473 694 1647 734 Thomae
1668 691 1801 732 Wad-

201 774 367 823 yngton
400 783 450 809 ex
482 773 602 822 parte
633 767 830 809 orientali
862 771 904 807 et
936 766 1150 820 quoddam
1184 765 1367 806 eroftum
1400 763 1625 804 continens
1661 775 1802 801 aeram

202 842 327 878 terrae
355 837 459 878 dieti
492 836 671 877 Henriei
702 836 850 877 Birom
880 835 927 874 in
953 839 1107 875 tenura
1135 833 1237 873 dieti
1268 832 1446 873 Henriei
1476 829 1723 884 Hawrobyn
1752 844 1803 870 ex

203 911 323 959 parte
352 905 604 947 occidentali
632 909 674 945 et
703 903 1004 944 extendentem
1033 903 1078 942 in
1106 901 1375 955 longitudine
1404 914 1428 940 a
1455 899 1579 940 litore
1600 898 1728 939 maris
1751 898 1802 939 de

202 975 372 1015 Mersee
394 989 444 1015 ex
464 979 584 1028 parte
602 972 778 1013 australi
798 985 933 1025 usque
951 971 1004 1011 ad
1026 970 1239 1024 quendam
1260 984 1437 1023 parvum
1459 983 1658 1023 eampum
1678 972 1803 1009 terrae

203 1043 379 1097 glebalis
410 1042 698 1097 pertinentem
728 1039 921 1081 rectoriae
953 1039 1004 1079 de
1029 1039 1302 1093 VVeryngton
1331 1038 1378 1078 in
1407 1043 1561 1078 tenura
1592 1038 1618 1077 J
1622 1036 1803 1078 ohannis

203 1112 352 1166 Massy
373 1126 424 1152 ex
447 1115 568 1165 parte
588 1109 761 1151 boreali.

260 1181 374 1221 Item
390 1184 510 1221 tenet
524 1193 660 1220 unum
678 1177 862 1219 eroftum
884 1176 1109 1217 continens
1128 1179 1215 1215 tres
1232 1174 1357 1215 rodas
1374 1179 1498 1215 terrae
1514 1174 1662 1228 jacens
1679 1173 1804 1227 juxta

202 1250 313 1291 Viam
342 1250 570 1290 dueentem
598 1248 650 1288 ab
679 1246 855 1288 ecelesia
884 1246 970 1286 alta
991 1245 1042 1285 de
1063 1244 1335 1299 WVeryngton
1355 1257 1491 1297 usque
1513 1242 1566 1283 ad
1586 1243 1730 1283 villam
1752 1242 1804 1283 de

205 1319 433 1359 Wulstone
474 1332 524 1358 ex
564 1321 684 1370 parte
720 1315 896 1356 australi
932 1319 974 1354 et
1009 1318 1207 1354 vocatum
1248 1313 1288 1353 le
1324 1312 1485 1366 Gorsty
1520 1311 1654 1352 erofte
1690 1310 1805 1364 quod

205 1388 377 1442 quidem
398 1387 582 1428 eroftum
598 1386 714 1440 jacet
733 1385 780 1424 in
799 1382 1028 1424 latitudine
1048 1382 1161 1422 inter
1181 1386 1340 1422 terram
1360 1380 1561 1421 Nieholai
1583 1380 1802 1421 Blundelll

204 1457 249 1497 in
277 1461 431 1497 tenura
457 1454 659 1496 Nieholai
689 1453 916 1509 Kyngeley
944 1466 994 1492 ex
1024 1456 1144 1505 parte
1171 1450 1333 1492 boreali
1361 1454 1403 1491 et
1432 1449 1590 1490 dictam
1614 1449 1726 1489 viam
1754 1463 1805 1489 ex

204 1530 324 1579 parte
347 1524 522 1566 australi
543 1528 585 1565 et
607 1522 841 1564 extendens
862 1522 909 1561 in
928 1519 1198 1574 longitudine
1220 1534 1244 1559 a
1264 1524 1379 1560 terra
1398 1518 1622 1559 Willielmi
1648 1518 1804 1559 Blake-

203 1595 328 1635 hurst
356 1609 407 1635 ex
433 1598 554 1648 parte
582 1591 835 1634 occidentali
862 1604 997 1644 usque
1026 1589 1079 1629 ad
1108 1594 1266 1629 terram
1289 1587 1513 1628 Willielmi
1534 1587 1734 1628 Botiller2
1758 1587 1805 1627 in

206 1668 359 1704 tenura
381 1664 406 1703 J
411 1662 591 1703 ohannis
613 1663 783 1716 Twysse
805 1675 854 1701 ex
875 1664 995 1714 parte
1017 1658 1226 1709 orientali,
1257 1672 1349 1711 quae
1370 1656 1659 1709 messuagium
1680 1660 1805 1696 terrae

206 1737 249 1773 et
269 1737 516 1772 tenementa
536 1731 739 1785 praedieta
758 1730 885 1771 modo
906 1730 953 1769 in
973 1733 1126 1769 tenura
1143 1728 1168 1768 J
1172 1727 1353 1768 ohannis
1372 1725 1551 1780 Smythe
1574 1724 1648 1765 sed
1668 1738 1805 1778 nuper

205 1800 251 1840 in
271 1805 424 1841 tenura
446 1801 471 1841 J
475 1800 656 1841 ohannis
679 1798 818 1840 Wode
838 1798 1025 1839 reddunt
1047 1797 1161 1838 dieto
1182 1797 1309 1837 Petro
1330 1809 1405 1849 per
1426 1808 1588 1835 annum
1608 1793 1805 1834 videlieet

205 1869 430 1909 duodecim
457 1868 612 1910 solidos
638 1881 736 1908 eum
762 1866 932 1907 servitio
954 1866 1137 1907 duorum
1158 1865 1325 1906 dierum
1347 1863 1690 1917 autumpnalium
1712 1877 1805 1917 quae

206 1938 347 1979 valent
368 1952 443 1992 per
463 1951 625 1978 annum
647 1940 829 1990 quatuor
851 1934 1059 1975 denarios,

265 2077 287 2131 ᾧ
319 2075 576 2117 EDWARDUS
609 2076 954 2116 SOTHEWURTHE
988 2073 1040 2114 de
1067 2073 1340 2126 VVeryngton
1370 2069 1573 2124 praedjeta
1602 2072 1722 2110 tenet
1753 2068 1805 2109 de

205 2143 320 2185 dieto
341 2145 468 2185 Petro
486 2144 607 2198 Legh
627 2144 763 2184 milite
784 2158 920 2183 unum
940 2141 1231 2194 messuagium
1252 2154 1350 2180 eum
1372 2139 1550 2194 gardino
1572 2138 1710 2179 eidem
1732 2137 1804 2178 ad-

201 2213 372 2266 jacente
406 2227 456 2254 ex
488 2217 607 2266 parte
639 2212 800 2253 boreali
832 2211 913 2252 fori
946 2211 998 2251 de
1022 2210 1295 2264 Weryngton
1322 2208 1511 2263 jacentia
1541 2208 1588 2248 in
1621 2207 1805 2261 quodam

205 2281 298 2321 1060
319 2286 467 2322 vocato
495 2282 597 2320 Prat
617 2294 727 2320 rowe
748 2279 794 2319 in
814 2278 1042 2319 latitudine
1063 2277 1176 2317 inter
1196 2277 1486 2330 messuagium
1507 2280 1549 2317 et
1577 2275 1806 2329 gardinum

206 2349 428 2389 Wfflielmi
455 2349 635 2389 Botiller
661 2347 707 2387 in
727 2352 880 2388 tenura
902 2346 1058 2399 Rogeri
1082 2345 1311 2400 Hyndeley
1332 2360 1382 2386 ex
1407 2349 1527 2399 parte
1549 2342 1805 2384 occidentali

208 2422 251 2458 61
278 2417 568 2471 messuagium
595 2430 732 2470 nuper
758 2416 804 2456 in
828 2420 982 2456 tenura
1007 2414 1164 2468 Rogeri
1192 2415 1376 2469 Kenyan
1397 2428 1448 2455 ex
1469 2418 1588 2467 parte
1610 2411 1807 2453 orientali

253 2539 262 2558 ¹
276 2539 388 2570 There
406 2549 472 2571 was
488 2550 508 2571 a
523 2539 712 2571 suceession
725 2538 764 2570 of
776 2538 835 2569 the
849 2537 1027 2570 Blundells
1040 2537 1079 2569 of
1091 2537 1220 2579 Crosby
1237 2537 1379 2578 bearing
1393 2537 1453 2568 the
1469 2546 1568 2567 name
1581 2534 1618 2567 of
1633 2533 1807 2573 Nicholas‚

207 2604 243 2625 as
267 2604 408 2635 appears
431 2594 476 2635 by
492 2594 552 2625 the
573 2592 741 2634 pedigree.
773 2591 943 2633 (History
963 2592 1003 2633 of
1014 2591 1247 2633 Lancaslzire,
1261 2591 1306 2624 iv.
1322 2591 1413 2632 ⁶218.)
1459 2589 1541 2623 This
1559 2588 1722 2622 Nicholas
1740 2598 1805 2620 was

209 2648 374 2689 probably
390 2647 428 2680 of
440 2647 518 2680 that
534 2647 666 2688 family.

864 2698 875 2718 ‘2
893 2699 999 2739 Ante,
1014 2709 1098 2740 page
1114 2700 1147 2731 4.
