1991 2916
206 184 288 223 1342
494 195 548 220 DE
572 194 730 222 mizius
754 194 806 220 ΕΤ
829 194 1113 221 ΤΕΝΕΜΕΝΤΙΞ
1137 194 1185 220 IN
1210 193 1519 220 OVERFORTHE.

259 306 374 346 Item
409 309 528 346 tenet
563 319 699 346 unum
735 318 933 359 campum
969 304 1263 346 continentem
1297 308 1479 358 quatuor
1520 317 1637 343 acras
1677 308 1802 344 terrae

201 373 371 414 arabilis
389 375 605 428 jacentem
626 374 672 414 in
692 374 921 414 latitudine
942 373 1055 413 inter
1076 378 1234 412 terrain
1257 372 1359 413 dicti
1382 371 1498 412 Petri
1520 376 1562 412 et
1583 371 1629 411 in
1649 376 1804 412 tenura

200 443 393 496 praedicti
415 444 440 483 ‚J
445 443 625 483 ohannis
646 443 861 483 Sothurne
884 457 934 483 ex
955 446 1075 495 parte
1106 441 1304 482 orientali
1325 446 1368 481 et
1388 445 1547 481 terram
1565 440 1669 480 dicti
1686 440 1803 481 Petri

199 512 246 552 in
265 517 419 552 tenura
441 511 631 565 praedicti
655 511 827 551 Ricardi
861 510 1076 551 Sothurne
1098 524 1149 550 ex
1175 514 1296 563 parte
1317 509 1571 550 occidentali
1592 514 1634 549 et
1657 515 1802 550 exten-

201 580 374 621 dentem
398 581 444 620 in
470 581 738 634 longitudine
765 595 788 620 a
813 580 1015 634 praedicta
1042 584 1157 619 terra
1190 579 1412 620 Laurentii
1438 579 1630 631 Longtre
1655 583 1805 618 vocata

201 650 342 703 Irpuls
365 650 498 690 Erthe
521 664 569 690 ex
592 654 711 703 parte
733 649 893 690 boreali
913 663 1048 702 usque
1066 648 1119 688 ad
1135 653 1293 688 terram
1316 647 1419 688 dicti
1443 647 1563 687 Petri
1583 647 1630 687 in
1650 652 1804 687 tenura

200 719 304 760 dicti
324 719 546 759 Willielmi
569 719 781 759 Chaloncr
802 732 855 758 ex
877 722 997 771 parte
1019 717 1208 757 australi.

258 788 371 828 Item
410 792 529 828 tenet
565 801 697 826 unam
734 800 875 826 acram
910 790 1036 826 terrae
1073 790 1266 826 vocatam
1302 784 1553 838 Brokeakyr
1586 784 1803 838 jacentem

199 855 312 896 inter
336 861 494 896 terram
519 855 712 909 praedicti
739 854 858 894 Petri
884 854 1006 907 Legh
1037 854 1084 893 in
1115 859 1269 894 tenura
1295 853 1398 893 dicti
1425 852 1610 893 Gilberti
1643 852 1803 893 Madur

199 939 250 965 ex
284 930 404 978 parte
437 924 609 964 australi
641 928 683 964 et
716 927 875 963 terram
903 922 1006 963 dicti
1034 922 1154 963 Petri
1185 922 1231 962 in
1266 927 1420 962 tenura
1452 921 1556 962 dicti
1591 922 1616 961 J
1621 921 1802 962 ohannis

201 994 416 1034 Sothurne
448 1007 498 1033 ex
528 997 647 1046 parte
678 992 837 1032 boreali
869 996 911 1031 et
942 991 1245 1032 extendentem
1266 991 1311 1031 in
1331 990 1601 1044 longitudine
1633 1005 1657 1030 a
1688 990 1803 1030 dicto

198 1062 333 1103 rivulo
354 1066 502 1102 vocato
526 1061 737 1115 Hoghton
767 1060 900 1101 broke
932 1074 982 1101 ex
1012 1064 1132 1114 parte
1164 1060 1362 1100 orientali
1393 1073 1528 1113 usque
1560 1059 1612 1099 ad
1643 1064 1803 1099 terram

199 1132 303 1172 dicti
341 1131 460 1172 Petri
492 1131 538 1171 in
570 1136 724 1171 tenura
755 1129 948 1183 praedicti
976 1129 1200 1170 VVillielmi
1226 1130 1402 1183 Cowper
1435 1134 1478 1169 et
1510 1128 1803 1182 praescriptam

199 1201 341 1255 Irpuls
363 1200 497 1241 Erthe
519 1214 569 1240 ex
590 1203 711 1252 parte
733 1198 1000 1239 occidentali.

257 1270 371 1310 Item
391 1273 510 1309 tenet
533 1268 660 1308 aliam
681 1281 823 1307 acram
849 1272 974 1307 terrae
995 1271 1189 1307 vocatam
1213 1266 1253 1307 10
1282 1267 1443 1320 Gorsty
1464 1265 1570 1321 akyr
1585 1266 1803 1320 jacentem

198 1338 244 1378 in
276 1337 504 1378 latitudine
543 1337 657 1377 inter
691 1341 850 1376 terram
892 1335 994 1376 dicti
1037 1335 1157 1376 Petri
1196 1335 1243 1375 in
1282 1339 1437 1376 tenura
1478 1335 1581 1375 dicti
1619 1334 1803 1375 Gilberti

199 1407 359 1447 Madur
380 1420 430 1446 ex
456 1411 576 1459 parte
603 1405 778 1445 australi
800 1409 842 1445 et
862 1409 1022 1445 terram
1044 1404 1148 1444 dicti
1171 1403 1292 1444 Petri
1312 1404 1359 1444 in
1378 1408 1533 1444 tenura
1554 1403 1657 1444 dicti
1680 1403 1802 1444 Hen-

199 1475 276 1516 rici
303 1475 525 1516 Holbroke
555 1489 605 1515 ex
632 1479 752 1528 parte
778 1473 940 1514 boreali
964 1478 1007 1514 et
1034 1473 1226 1514 extendit
1258 1473 1304 1513 in
1336 1472 1605 1526 longitudine
1634 1486 1658 1511 a
1691 1472 1804 1512 dicta

198 1549 315 1584 terra
334 1549 482 1585 vocata
504 1543 645 1597 Irpuls
667 1543 802 1583 Erthe
833 1556 884 1582 ex
914 1546 1034 1595 parte
1066 1541 1263 1582 orientali
1289 1555 1424 1595 usque
1446 1541 1499 1581 ad
1520 1546 1679 1581 terram
1701 1541 1803 1582 dicti

202 1612 322 1653 Petri
348 1612 394 1653 in
422 1617 575 1652 tenura
606 1611 799 1665 praedicti
825 1611 1010 1652 Gilberti
1036 1611 1365 1666 Hoggekynson
1396 1624 1534 1664 nuper
1571 1610 1618 1650 in
1649 1614 1803 1650 tenura

200 1682 227 1721 J
231 1681 410 1722 ohannis
433 1680 642 1734 Merbury
663 1695 713 1721 ex
734 1685 854 1734 parte
876 1680 1142 1721 occidentali.

257 1751 370 1791 Item
403 1755 522 1790 tenet
554 1763 685 1790 unam
719 1763 861 1789 acram
892 1754 1017 1789 terrae
1051 1748 1212 1789 scilicet
1237 1753 1430 1789 vocatam
1461 1748 1501 1789 10
1535 1748 1804 1803 Gorstyakyr

193 1819 409 1873 jacentem
430 1819 476 1859 in
495 1818 723 1859 latitudine
744 1818 857 1859 inter
877 1824 1035 1859 terram
1058 1818 1159 1858 dicti
1184 1818 1304 1858 Petri
1333 1818 1380 1858 in
1409 1822 1564 1858 tenura
1585 1817 1689 1858 (110131
1712 1817 1802 1858 Gil-

198 1888 309 1928 berti
331 1888 490 1928 Madur
511 1902 561 1928 ex
582 1893 702 1941 parte
723 1888 883 1929 boreali
915 1893 957 1928 et
988 1893 1148 1928 terram
1179 1887 1283 1927 dicti
1317 1887 1437 1927 Petri
1456 1887 1503 1926 in
1523 1891 1678 1926 tenura
1699 1885 1804 1925 dicti

201 1956 381 1997 Henrici
405 1956 626 1996 Holbroke
648 1970 698 1996 ex
719 1962 839 2010 parte
862 1956 1038 1997 australi
1070 1960 1112 1996 ct
1144 1955 1446 1996 extendentem
1467 1954 1513 1994 in
1533 1953 1803 2007 longitudine

199 2039 223 2065 a
242 2030 357 2065 terra
376 2025 570 2078 praedicti
603 2024 723 2065 Petri
752 2026 799 2065 in
828 2031 983 2066 tenura
1014 2024 1117 2065 dicti
1149 2024 1329 2064 Henrici
1363 2022 1585 2064 Holbroke
1607 2037 1657 2063 ex
1682 2027 1803 2076 parte

199 2094 452 2134 occidentali
484 2108 620 2148 usque
654 2094 708 2134 ad
739 2094 988 2148 praedictam
1020 2098 1177 2134 terram
1216 2092 1319 2133 dicti
1353 2091 1576 2132 Laurentii
1612 2092 1802 2144 Longtre

198 2167 389 2203 vocatam
422 2163 564 2216 Irpuls
595 2163 730 2203 Erthe
760 2163 807 2203 in
836 2168 990 2204 tenura
1011 2162 1114 2203 dicti
1134 2161 1357 2202 Willielmi
1378 2161 1591 2202 Chaloner
1611 2174 1662 2201 ex
1682 2164 1802 2213 parte

200 2231 409 2272 orientali.

256 2300 370 2339 Item
391 2304 510 2340 tenet
530 2304 617 2340 tres
649 2299 774 2340 rodas
805 2305 930 2340 terrae
959 2299 1143 2339 invicem
1168 2299 1361 2352 jacentes
1382 2297 1496 2338 inter
1517 2301 1677 2337 terram
1698 2295 1802 2336 dicti

200 2367 321 2408 Petri
340 2368 386 2407 in
401 2372 555 2408 tenura
571 2368 674 2408 dicti
692 2368 876 2408 Gilberti
893 2367 1052 2407 Madur
1073 2381 1122 2407 ex
1143 2372 1263 2420 parte
1279 2366 1440 2408 boreali
1456 2371 1499 2407 et
1519 2370 1679 2407 terram
1697 2365 1801 2405 dicti

198 2436 316 2476 Petri
346 2436 392 2477 in
424 2440 578 2476 tenura
602 2436 705 2476 dicti
742 2435 926 2477 Gilberti
955 2435 1281 2490 Hoggekynson
1305 2450 1442 2489 nuper
1468 2435 1514 2475 in
1538 2439 1693 2475 tenura
1725 2435 1752 2474 J
1755 2449 1800 2476 o-

198 2505 354 2545 hannis
381 2504 589 2559 Merbury
614 2518 665 2544 ex
689 2508 808 2558 parte
837 2504 1013 2544 australi
1038 2509 1080 2544 et
1106 2505 1384 2545 extendentes
1409 2504 1455 2544 in
1478 2503 1749 2557 longitudine
1778 2518 1802 2543 a

198 2577 313 2614 terra
348 2573 538 2628 praedicti
569 2573 686 2614 Petri
716 2573 762 2613 in
793 2577 947 2613 tenura
982 2571 1085 2613 dicti
1120 2573 1342 2614 willielmi
1383 2573 1559 2627 Cowper
1594 2587 1643 2613 ex
1680 2576 1799 2626 parte
