1991 2916
226 217 281 256 30
526 230 579 256 DE
599 230 756 257 TERRIS
781 231 831 257 ET
854 231 1139 258 TENEMENTIS
1165 233 1211 259 IN
1237 233 1527 259 WERYNGTON.

225 343 344 393 parte
380 339 577 380 orientali
612 355 746 395 usque
784 341 837 382 ad
872 346 1030 382 terram
1073 342 1175 383 dicti
1217 342 1439 383 willielmi
1485 342 1665 383 Botiller
1705 342 1822 383 vidc-

224 407 322 448 licct
363 409 575 462 quandam
612 410 754 450 haiam
789 410 836 450 in
877 415 1029 451 tenura
1074 411 1247 452 Ricardi
1287 411 1573 466 VVynyngton
1612 425 1663 452 ex
1702 416 1822 464 parte

223 476 490 518 occidentali.

280 546 393 586 Item
414 551 533 587 tenct
554 546 703 587 rodam
724 552 848 588 terrae
872 548 1090 602 jacentem
1110 548 1157 589 in
1178 548 1364 602 Arpcley
1383 548 1588 602 praedicta.
1609 548 1655 588 in
1676 548 1822 588 latitu-

223 614 320 655 dine
348 615 461 655 inter
487 620 646 656 terram
674 616 843 656 heredis
873 617 1031 670 Rogeri
1059 617 1321 672 Arosmythe
1351 631 1401 657 ex
1422 622 1542 671 parte
1563 617 1760 658 orientali
1781 622 1824 657 01

221 688 379 723 10113111
411 684 515 724 dicti
546 684 769 724 Willielmi
801 685 981 726 Botiller
1010 686 1057 726 in
1087 691 1241 726 tenura
1272 685 1483 726 Johannae
1513 700 1650 739 nuper
1679 685 1822 726 uxoris

225 751 447 791 Hamundi
475 751 637 806 Nayler
665 766 715 792 ex
744 758 864 806 parte
885 753 1139 793 occidentali
1161 759 1203 794 et
1225 753 1416 794 extendit
1441 754 1488 793 in
1508 753 1778 807 longitudine
1800 768 1825 794 a

221 825 335 860 terra
373 820 568 861 videlicet
607 835 694 861 una
733 821 831 860 haia
873 822 1092 875 Ranulphi
1134 822 1316 862 Rixtonl
1361 823 1407 862 in
1452 827 1606 863 tenura
1650 823 1823 864 Ricardi

222 889 418 928 Fletcher
440 903 489 929 ex
510 894 630 942 parte
653 889 829 928 australi
848 903 984 943 usque
1007 890 1059 930 ad
1080 895 1239 931 terram
1257 890 1360 931 dicti
1381 890 1605 932 willielmi
1623 892 1823 932 Botiller2

220 957 264 996 in
286 962 439 997 tenura
461 957 633 996 Ricardi
655 958 942 1012 VVynyngton
963 972 1013 998 ex
1039 964 1159 1012 parte
1184 959 1358 999 boreali.

277 1026 391 1065 Item
425 1030 545 1066 tenet
591 1025 642 1065 de
685 1025 799 1066 dicto
838 1026 965 1066 Petro
1007 1026 1129 1080 Legh
1175 1026 1390 1080 quandam
1429 1028 1657 1081 parcellam
1698 1033 1822 1069 terrae

213 1094 429 1147 jacentem
456 1094 502 1134 in
531 1094 715 1148 quodam
745 1108 894 1148 campo
923 1095 1146 1136 willielmi
1168 1096 1347 1136 Botiller
1368 1096 1414 1136 in
1434 1101 1588 1137 tenura
1610 1097 1636 1136 J
1639 1097 1821 1137 ohannis

219 1163 382 1217 Massy.

276 1232 390 1272 Item
409 1236 528 1272 tenet
546 1231 650 1272 duas
673 1246 788 1273 acras
810 1233 921 1286 prati
943 1232 994 1273 de
1010 1233 1223 1287 praedicffis
1246 1234 1549 1287 septemdecim
1572 1234 1679 1274 acris·
1702 1240 1820 1275 ante-

219 1300 400 1354 scriptis,
436 1315 528 1354 (111ἱο
564 1302 805 1355 messuagia
839 1308 963 1343 terrae
994 1308 1117 1356 prata
1153 1307 1195 1343 et
1231 1303 1492 1356 pertinentia
1526 1303 1669 1342 valent
1704 1303 1820 1343 dicto

219 1371 347 1411 Petro
364 1371 485 1424 Legh
505 1385 580 1424 per
597 1385 758 1411 annum
776 1372 1059 1425 quadraginta
1073 1378 1160 1412 tres
1184 1372 1340 1412 solidos
1359 1377 1401 1411 et
1425 1376 1607 1425 quatuor
1624 1371 1820 1412 denarios

218 1450 314 1476 011111
338 1436 508 1476 servitio
530 1436 712 1477 duorum
735 1437 899 1478 dierum
922 1437 1265 1491 autumpnalium
1287 1451 1379 1491 quae
1396 1437 1538 1478 valent
1561 1451 1635 1491 per
1657 1451 1819 1477 annum

217 1510 399 1558 quatuor
420 1505 626 1545 denarios.

277 1643 298 1697 ξ
321 1642 628 1681 11Τ11111Ε11Μ1τ8
646 1643 888 1682 FLETCHER
906 1642 957 1682 de
974 1643 1246 1697 &Veryngton
1267 1641 1470 1695 praedicta
1489 1646 1610 1682 tenet
1632 1642 1684 1682 de
1703 1642 1818 1684 dicto

217 1709 345 1749 Petro
366 1725 501 1750 unum
521 1711 812 1764 messuagium
834 1725 931 1752 011111
953 1712 1134 1764 coquina
1161 1711 1328 1751 stabulo
1355 1716 1397 1751 et
1426 1725 1555 1764 parvo
1577 1725 1698 1752 orreo
1720 1725 1818 1751 011111

216 1778 309 1818 1000
329 1784 477 1819 vocato
498 1779 538 1819 le
560 1779 821 1834 Foldstydde
844 1785 886 1820 et
909 1780 1086 1833 gardino
1108 1780 1356 1821 continente
1377 1784 1464 1819 tres
1488 1780 1671 1821 selioncs
1693 1785 1817 1821 terrae

217 1860 314 1887 cum
351 1847 534 1900 quodam
570 1854 771 1888 owtecast
803 1862 948 1889 versus
987 1854 1179 1889 austrum
1215 1854 1258 1889 et
1294 1849 1467 1902 quidam
1507 1854 1663 1902 puteus
1698 1863 1817 1902 aquae

215 1916 460 1957 continetur
491 1916 537 1956 in
570 1916 684 1957 dicto
717 1923 917 1958 owtecast
959 1933 1050 1971 quae
1093 1918 1264 1971 quidem
1304 1918 1596 1971 messuagium
1637 1918 1818 1971 coquina

216 1984 432 2025 stabulum
460 1990 503 2025 01
532 1985 758 2039 gardinum
782 1987 928 2040 jacent
959 1992 1002 2026 et
1034 1986 1249 2026 situantur
1276 1986 1323 2026 in
1357 1991 1491 2026 strato
1526 1986 1577 2028 (10
1608 1987 1817 2040 Newgate

214 2053 323 2094 villae
343 2053 556 2107 praedictae
572 2054 761 2108 jacentia
776 2055 822 2094 in
843 2055 1072 2095 latitudine
1088 2055 1201 2095 inter
1216 2055 1507 2109 messuagium
1524 2060 1567 2096 et
1589 2055 1815 2109 gardinum

215 2121 266 2162 de
289 2122 386 2162 dote
408 2122 549 2163 uxoris
573 2123 598 2162 J
602 2123 782 2163 ohannis
804 2123 930 2176 Pigot
953 2123 1027 2163 sed
1051 2123 1313 2163 haereditatis
1336 2124 1553 2177 Ranulphi
1583 2124 1744 2164 Rixton
1770 2124 1816 2164 111

214 2196 368 2230 tenura
389 2191 415 2230 J
418 2191 599 2231 ohannis
622 2191 823 2232 lVebster
844 2205 893 2231 ex
915 2196 1036 2244 parte
1056 2191 1216 2232 boreali
1238 2196 1280 2232 et
1307 2192 1438 2232 alium
1458 2193 1749 2246 messuagium
1770 2199 1813 2232 et

215 2259 441 2312 gardinum
475 2259 578 2299 dicti
613 2260 730 2300 Petri
762 2260 885 2313 Legh
916 2260 962 2300 in
995 2265 1149 2300 tenura
1180 2261 1354 2301 Thomae
1392 2262 1573 2302 Swanne
1609 2275 1659 2302 ex
1695 2266 1814 2315 parte

216 2327 391 2367 australi
423 2332 466 2367 et
498 2327 734 2368 extendunt
766 2328 812 2367 in
844 2327 1112 2380 longitudine
1148 2342 1172 2367 a
1203 2329 1321 2382 regia
1355 2334 1489 2369 strata
1521 2329 1572 2370 de
1607 2330 1815 2383 Newgate

214 2396 418 2450 praedicta
438 2409 487 2436 ex
508 2401 628 2449 parte
649 2395 903 2436 occidentali
923 2409 1057 2448 usque
1079 2395 1130 2435 ad
1152 2400 1310 2437 terram
1333 2397 1385 2438 de
1408 2398 1506 2438 dote
1524 2398 1648 2439 dictae
1669 2398 1813 2439 11110118

217 2464 243 2503 J
247 2464 427 2505 ohannis
441 2464 566 2518 Pigot
586 2464 633 2504 in
653 2469 806 2505 tenura
823 2464 926 2504 dicti
948 2464 974 2503 J
978 2465 1157 2505 ohannis
1172 2465 1373 2507 Webster
1390 2481 1440 2507 ex
1460 2472 1581 2521 parte
1603 2466 1811 2507 orientali.

273 2533 385 2573 Item
413 2537 532 2573 tenet
559 2548 694 2573 unum
724 2532 907 2573 croftum
938 2533 1163 2574 continens
1184 2549 1315 2575 unam
1337 2549 1478 2576 acram
1498 2540 1623 2576 terrae
1644 2535 1812 2575 arabilis

215 2615 313 2641 cum
347 2601 516 2655 sepibus
550 2607 592 2642 et
625 2601 750 2642 fossis
783 2601 995 2642 inclusum
1027 2602 1175 2656 jacens
1207 2603 1254 2643 in
1286 2604 1378 2644 loco
1410 2610 1558 2644 vocato
1592 2603 1809 2644 Stanfelde

664 2706 670 2725 ¹
690 2706 784 2737 Ante
801 2717 885 2747 page
902 2709 931 2737 4.
1085 2706 1096 2725 ³
1113 2706 1207 2738 Ante
1225 2718 1308 2748 pag(-
1327 2709 1357 2738 4.
