1991 2916
183 225 235 265 72
453 236 506 262 DE
532 235 803 262 REDDITIBUS
827 234 1122 261 CAPITALIBUS
1146 233 1194 259 IN
1220 232 1509 259 WERYNGTON.

179 347 343 387 Turton
364 345 491 386 modo
516 345 758 386 inhabitant
779 344 967 399 jacentia
996 344 1042 384 in
1072 342 1299 383 latitudine
1324 342 1437 382 inter
1457 355 1661 394 magnum
1682 341 1779 381 hos-

179 415 351 469 pitium1
376 414 599 455 Willielmi
616 414 795 455 Botiller
812 413 1025 467 quondam
1043 412 1089 452 in
1105 417 1258 452 tenura
1278 410 1501 451 Willielmi
1522 411 1781 465 Arosmythe

181 483 256 524 sed
289 483 417 523 modo
442 483 488 522 in
515 487 669 523 tenura
700 483 725 522 J
730 483 909 522 ohannae
937 495 1073 534 nuper
1104 480 1247 521 uxoris
1282 478 1505 520 Hamundi
1537 479 1699 532 Nayler
1732 493 1782 519 ex

178 556 298 605 parte
320 550 495 592 australi
517 555 559 590 et
581 550 712 590 alium
732 549 988 603 burgagium
1011 549 1097 589 sive
1118 547 1409 601 messuagium
1431 547 1536 588 dieti
1556 547 1782 587 Willielmi

180 620 360 661 Botiller
381 619 426 659 in
447 624 600 659 tenura
620 618 844 658 Willielmi
882 617 1027 671 Sporis
1062 631 1112 658 ex
1146 622 1266 671 parte
1291 615 1451 657 boreali
1476 620 1519 656 et
1544 614 1782 655 extendunt

178 690 225 730 in
245 688 513 743 longitudine
536 702 559 727 a
579 687 670 728 vieo
692 687 744 728 de
765 687 972 741 Newgate
993 685 1197 739 praedicto
1219 699 1269 726 ex
1289 689 1409 739 parte
1430 682 1626 724 orientali
1647 697 1782 737 usque

180 758 234 798 ad
267 758 392 798 aliam
424 756 652 810 parcellam
672 760 797 796 terrae
830 755 935 796 dicti
966 754 1190 795 Wilh'elmj
1216 753 1396 794 Botiller
1422 752 1469 793 in
1493 757 1647 792 tenura
1679 751 1782 792 dieti

177 826 400 867 Willielmi
424 825 568 878 Sporis
592 838 642 864 ex
662 829 783 877 parte
805 823 1073 865 occidentali.

235 895 349 936 Item
382 894 520 934 dictus
556 893 808 946 Ranulphus
841 897 961 933 tenet
994 892 1045 932 de
1078 890 1282 945 praedicto
1309 890 1437 931 Petro
1464 889 1511 929 in
1538 888 1677 942 eapite
1704 902 1780 942 per

179 963 341 1004 dietum
359 961 579 1002 serw'tium
597 960 783 1014 quinque
799 974 927 1013 parva
942 959 1149 1013 burgagia
1164 959 1346 999 invicem
1359 957 1548 1013 jacentia
1564 962 1606 997 et
1624 957 1782 998 situata

179 1032 258 1073 sub
279 1046 366 1072 uno
386 1036 501 1071 teoto
522 1030 568 1070 in
588 1030 681 1070 ideo
703 1029 754 1070 de
771 1030 979 1083 Newgate
997 1028 1202 1082 praedicto
1224 1041 1371 1068 susum
1393 1032 1435 1068 et
1452 1027 1616 1080 josum2
1636 1041 1782 1068 muros

176 1102 357 1142 fratrum
378 1099 765 1153 Augustinensium
787 1098 896 1138 villae
924 1097 975 1138 de
1000 1097 1273 1151 Weryngton
1297 1095 1511 1150 praedictae
1527 1095 1716 1149 jacentia
1735 1096 1782 1136 in

177 1169 404 1210 latitudine
436 1169 549 1208 inter
582 1168 744 1208 dictum
777 1167 918 1208 vicum
952 1166 1003 1206 de
1036 1165 1243 1219 Newgate
1276 1179 1327 1206 ex
1357 1169 1477 1218 parte
1511 1164 1708 1204 orientali
1739 1170 1782 1205 et

177 1253 323 1279 muros
345 1238 556 1278 dictorum
577 1237 758 1277 fratrum
780 1250 830 1276 ex
850 1240 970 1289 parte
992 1234 1244 1275 occidentali
1266 1239 1307 1275 et
1330 1233 1566 1274 extendunt
1582 1233 1628 1273 in
1643 1233 1780 1286 longi-

177 1307 327 1347 tudine
350 1321 374 1347 a
393 1305 633 1359 messuagio
666 1304 768 1345 dieti
800 1304 916 1344 Petri
947 1303 1068 1357 Legh
1095 1303 1141 1343 in
1161 1308 1315 1343 tenura
1337 1302 1361 1341 J
1366 1302 1546 1342 ohannae
1569 1302 1595 1341 J
1598 1301 1780 1342 ohannis

178 1377 387 1429 Doglitun
419 1390 470 1416 ex
502 1380 620 1428 parte
653 1373 813 1414 boreali
846 1377 888 1413 et
921 1371 1210 1424 messuagium
1250 1370 1474 1411 Willielmi
1516 1370 1697 1411 Botiller
1735 1370 1782 1410 in

177 1449 331 1484 tenura
352 1444 530 1484 Roberti
550 1443 751 1483 Webster
772 1456 822 1483 ex
838 1446 958 1495 parte
980 1440 1169 1481 australi.

236 1512 349 1552 Item
369 1517 488 1552 tenet
510 1512 648 1552 dietus
672 1511 925 1564 Ranulphus
954 1510 1004 1551 de
1032 1510 1147 1550 dieto
1173 1510 1300 1550 Petro
1328 1507 1450 1561 Legh
1470 1507 1554 1547 tria
1573 1506 1782 1560 burgagia

179 1580 266 1621 sive
298 1581 540 1634 messuagia
571 1581 754 1621 invicem
782 1579 971 1634 jacentia
998 1579 1044 1618 in
1069 1578 1206 1632 capite
1238 1592 1313 1631 per
1347 1575 1566 1617 servitium
1598 1575 1782 1616 militare

178 1649 336 1688 situata
355 1649 402 1688 in
422 1649 514 1689 vieo
534 1648 737 1702 praedieto
759 1648 810 1688 de
832 1648 1038 1700 Newgate
1060 1646 1184 1687 dietae
1204 1646 1313 1685 w'Jlae
1333 1644 1529 1685 videlieet
1560 1657 1610 1684 ex
1641 1643 1780 1684 orien-

177 1717 255 1757 tali
276 1722 396 1770 parte
418 1717 521 1757 dicti
542 1717 623 1757 vici
643 1721 686 1757 et
707 1730 757 1756 ex
779 1715 973 1769 opposito
999 1714 1201 1768 praedicta
1222 1713 1408 1767 quinque
1429 1726 1557 1766 parva
1575 1711 1783 1765 burgagia

173 1786 363 1841 jacentia
382 1787 428 1826 in
447 1786 675 1826 latitudine
696 1786 808 1825 inter
830 1783 1118 1837 messuagium
1135 1788 1177 1823 et
1193 1787 1351 1823 terram
1368 1780 1591 1822 Laurentii
1612 1781 1780 1834 Longe-

177 1862 243 1898 tre
275 1856 321 1896 in
356 1861 508 1897 tenura
542 1855 728 1896 Simonis
764 1854 921 1894 Mason
962 1866 1015 1893 ex
1056 1856 1175 1906 parte
1215 1850 1375 1891 boreali
1410 1854 1453 1890 et
1492 1848 1782 1902 messuagium

178 1925 400 1965 Willielmi
433 1924 613 1965 Botiller
637 1924 683 1964 in
714 1928 869 1963 tenura
904 1922 930 1962 J
934 1921 1114 1962 ohannis
1148 1920 1273 1961 Lawe
1304 1933 1355 1959 ex
1381 1923 1501 1972 parte
1530 1917 1706 1957 australi
1738 1922 1781 1957 et

174 1993 413 2034 extendunt
444 1994 491 2034 in
522 1991 790 2046 longitudine
817 2005 841 2031 a
866 1990 980 2030 dieto
1000 1989 1092 2030 vieo
1119 1988 1170 2029 de
1195 1988 1403 2041 Newgate
1437 2000 1488 2027 ex
1521 1990 1642 2039 parte
1670 1985 1779 2026 oeci-

177 2062 340 2103 dentali
359 2076 494 2116 usque
516 2061 569 2101 ad
590 2060 768 2114 gardina
789 2058 1001 2099 dictorum
1022 2056 1140 2097 Petri
1161 2055 1295 2109 Legh,
1330 2054 1554 2095 Willielmi
1587 2054 1779 2105 Botiller,

176 2136 222 2172 et
255 2131 477 2172 Laurentii
508 2131 722 2183 Longetre
756 2142 807 2169 ex
838 2131 959 2181 parte
991 2124 1200 2167 orientali.
1276 2124 1382 2167 Quae
1410 2122 1554 2164 omnia
1578 2122 1782 2176 praedicta

178 2200 418 2253 messuagia
453 2203 495 2239 et
529 2197 737 2251 burgagia
767 2196 814 2236 in
845 2200 999 2235 tenura
1026 2193 1129 2233 dieti
1158 2192 1376 2246 Ranulphi
1404 2192 1565 2232 Rixton
1593 2191 1780 2232 reddunt

179 2267 293 2307 dieto
314 2267 441 2307 Petro
463 2266 585 2319 Legh
605 2279 679 2319 per
701 2277 863 2305 annum
884 2262 937 2303 de
959 2261 1130 2315 capitali
1156 2261 1329 2302 redditu
1350 2260 1537 2315 quinque
1563 2259 1719 2300 solidos
1737 2264 1779 2300 et

179 2335 286 2375 duos
308 2334 516 2375 denarios.

237 2404 350 2444 Item
373 2403 511 2443 dictus
529 2401 781 2454 Ranulphus
804 2399 964 2440 Rixton
985 2402 1104 2439 tenet
1127 2398 1178 2439 (16
1201 2398 1315 2439 dicto
1332 2398 1460 2438 Petro
1480 2396 1526 2438 in
1547 2396 1684 2450 capite
1703 2409 1780 2450 per

177 2472 343 2513 dietum
365 2471 583 2512 serxdtium
605 2469 829 2510 dimidium
848 2467 977 2508 unius
993 2466 1190 2520 burgagii
1205 2467 1327 2507 vacui
1343 2465 1526 2521 jacentis
1547 2465 1593 2505 in
1613 2464 1705 2506 vieo
1727 2463 1778 2505 de

224 2643 232 2663 ยน
250 2643 417 2684 Magnum
433 2640 620 2682 hospitium
636 2639 671 2671 in
688 2639 757 2670 this
773 2638 880 2680 place,
902 2637 920 2668 I
942 2637 1151 2679 apprehend,
1177 2647 1240 2668 can
1264 2636 1344 2678 only
1360 2645 1460 2668 mean
1475 2635 1535 2667 the
1551 2637 1649 2676 great
1666 2633 1726 2666 inn
1742 2632 1782 2666 of

181 2697 292 2729 which
309 2696 332 2729 J
335 2706 398 2729 oan
414 2695 473 2728 the
490 2694 609 2727 widow
625 2694 663 2727 of
676 2693 815 2725 IIamon
833 2691 963 2733 Nayler
978 2701 1045 2724 was
1061 2691 1120 2723 the
1137 2690 1272 2732 keepcr.
