1991 2916
192 176 270 214 130
477 187 529 213 DE
555 187 712 213 TERRIS
737 187 787 212 ΕΤ
811 186 1097 213 TENEMENTIS
1122 187 1169 212 [N
1194 186 1503 213 OVERFORTHE.

189 297 304 338 dicto
324 297 461 338 rivulo
482 301 631 337 vocato
654 297 865 350 Hoghton
897 296 1038 337 Broke
1070 310 1120 337 ex
1150 301 1271 350 parte
1297 295 1384 337 fere
1406 296 1602 337 orientali
1623 300 1672 336 ut
1695 310 1792 349 sup-

188 366 363 420 ponitur
383 380 518 420 usque
540 366 593 406 ad
613 366 822 406 venellam
838 370 1031 406 vocatam
1049 365 1301 420 Fawreakyr
1316 365 1413 405 lane
1435 370 1477 406 et
1500 365 1613 405 dicta
1632 365 1796 405 venella

190 439 254 475 est
277 434 328 475 de
349 440 463 475 terra
485 434 587 476 dicti
608 435 725 475 Petri
747 449 797 475 ox
818 440 938 488 parte
958 435 1046 476 fere
1068 435 1320 476 occidentali
1340 440 1390 475 ut
1412 434 1678 488 supponitur.

248 504 363 544 Item
394 508 514 544 tenet
548 518 687 544 acram
713 508 837 544 terrae
861 508 1055 544 vocatam
1085 504 1124 544 le
1157 503 1408 558 Brokeakyr
1435 504 1652 557 jacentem
1683 502 1795 542 intel·

190 576 351 612 terram
373 572 476 613 dicti
500 572 619 613 Petri
640 572 686 613 in
716 577 869 613 tenura
901 572 1004 613 dicti
1036 574 1063 613 J
1069 573 1250 614 ohannis
1275 573 1466 613 Sothurn
1488 587 1538 613 ex
1559 576 1678 626 parte
1700 585 1796 611 aus-

189 641 288 681 trali
310 646 352 682 et
373 646 531 682 terram
553 642 657 682 dicti
676 642 794 682 Petri
814 642 861 683 in
881 647 1035 683 tenura
1053 642 1237 683 Gilberti
1256 642 1583 696 Hoggekynson
1605 656 1655 682 ex
1676 646 1797 694 parte

190 709 351 750 boreali
372 715 415 751 et
436 711 628 751 extendit
649 711 694 751 in
714 711 985 765 longitudine
1008 726 1032 751 a
1053 711 1167 752 dicto
1188 711 1325 752 rivulo
1347 711 1399 751 de
1423 710 1633 764 Hoghton
1655 709 1797 749 Broke

192 792 243 819 ex
263 784 383 832 parte
406 779 602 820 orientali
623 794 758 833 usque
776 780 829 820 ad
850 785 1008 820 terram
1026 780 1130 820 dicti
1147 779 1370 820 Laurentii
1392 779 1584 832 Longtre
1604 783 1798 818 vocatam

192 848 335 901 Irpuls
366 849 501 889 Erthe
533 853 576 889 et
606 849 652 889 in
673 856 827 889 tenura
858 849 962 890 dicti
983 850 1208 890 Willielmi
1241 849 1455 890 Chaloner
1476 863 1527 889 ex
1547 852 1667 902 parte
1690 847 1798 889 0001-

194 916 368 957 dentali.

251 987 366 1026 Item
399 990 518 1027 tenet
554 986 681 1028 aliam
714 1001 856 1028 acram
888 992 1013 1028 terrae
1041 988 1256 1042 jacentem
1284 987 1331 1027 in
1356 986 1576 1027 cacumine
1606 983 1800 1039 praedicti

194 1055 333 1109 campi
355 1055 406 1096 (10
431 1056 684 1097 Overforthe
705 1057 751 1097 in
770 1057 1000 1098 latitudine
1021 1057 1135 1097 inter
1150 1061 1309 1097 terram
1327 1055 1430 1097 dicti
1449 1055 1568 1095 Petri
1584 1055 1631 1094 in
1646 1059 1801 1095 tenura

192 1124 385 1178 praedicti
410 1126 634 1166 willielmi
665 1127 842 1180 Cowper
871 1140 921 1167 ex
945 1130 1127 1179 utraque
1152 1130 1272 1179 parte
1299 1124 1475 1166 australi
1503 1129 1546 1165 et
1570 1123 1731 1164 boreali
1758 1127 1801 1163 et

194 1193 386 1234 extendit
419 1194 465 1234 in
496 1195 766 1248 longitudine
800 1210 824 1235 a
856 1195 970 1235 dicta
1007 1194 1150 1248 Irpuls
1187 1194 1321 1234 Erthe
1358 1208 1409 1234 ex
1449 1198 1569 1247 parte
1605 1191 1802 1233 orientali

193 1276 329 1316 usque
351 1262 403 1303 ad
424 1268 582 1303 terram
605 1263 708 1304 dicti
731 1263 851 1304 Petri
872 1267 1065 1304 vocatam
1087 1262 1432 1303 Merburislande
1460 1262 1506 1302 in
1533 1266 1687 1302 tenura
1708 1260 1800 1301 Gil-

195 1330 308 1372 berti
331 1332 657 1387 Hoggekynson
679 1347 728 1373 ex
750 1337 870 1386 parte
892 1332 1160 1375 occidentali.

254 1400 367 1440 Item
388 1405 508 1441 tenet
528 1415 659 1441 unam
675 1401 824 1442 rodam
840 1406 965 1442 terrae
981 1401 1198 1455 jacentem
1218 1400 1265 1440 in
1287 1399 1401 1440 dicto
1424 1413 1572 1453 campo
1595 1398 1646 1439 (10
1669 1398 1800 1439 Over-

195 1468 336 1509 forthe
351 1469 398 1509 in
417 1470 645 1511 latitudine
661 1470 775 1511 inter
790 1475 949 1511 terram
967 1470 1070 1510 dicti
1090 1469 1209 1510 Petri
1224 1470 1271 1509 in
1286 1474 1440 1509 tenura
1457 1469 1559 1509 dicti
1580 1467 1803 1507 Williehni

197 1537 374 1590 Cowper
388 1552 438 1578 ex
454 1544 573 1591 parte
591 1539 767 1579 australi
785 1544 826 1579 et
844 1544 1001 1580 terram
1019 1539 1123 1578 dicti
1142 1538 1261 1579 Petri
1278 1538 1321 1578 in
1339 1543 1492 1578 tenura
1509 1536 1612 1577 dicti
1630 1536 1803 1577 Ricardi

200 1607 416 1647 Sothurne
443 1622 491 1647 ex
519 1613 638 1661 parte
669 1607 829 1648 boreali
861 1612 903 1648 et
935 1607 1237 1648 extendentem
1268 1607 1314 1647 in
1343 1606 1613 1660 longitudine
1641 1620 1664 1645 a
1689 1610 1804 1645 terra

200 1675 303 1715 dicti
336 1676 451 1716 Petri
481 1676 527 1716 in
558 1681 711 1716 tenura
742 1677 845 1717 dicti
879 1677 1059 1717 Henrici
1092 1677 1314 1718 Holbrokc
1336 1690 1386 1716 ex
1406 1681 1526 1729 parte
1549 1674 1805 1715 occidentali

199 1758 334 1797 usque
368 1743 420 1784 ad
452 1748 611 1784 terram
643 1744 835 1798 praedicti
871 1744 990 1785 Petri
1024 1745 1145 1798 Legh
1181 1745 1227 1785 111
1259 1750 1413 1785 tenura
1444 1744 1548 1784 dicti
1580 1743 1804 1783 Willielmi

201 1812 377 1865 Cowper
410 1826 459 1852 ex
484 1818 604 1866 parto
631 1813 851 1863 orientali5
886 1828 980 1867 (111ῑο
1010 1813 1196 1854 reddunt
1228 1827 1303 1867 per
1334 1827 1495 1853 annum
1527 1812 1640 1852 dicto
1673 1811 1805 1852 Petro

200 1885 242 1921 et
278 1881 332 1921 ad
365 1881 630 1922 voluntatem
665 1882 867 1922 undecim
903 1882 1060 1922 solidos
1098 1896 1195 1922 cum
1232 1882 1403 1922 servitio
1438 1882 1566 1922 unius
1604 1881 1688 1921 diei
1728 1895 1805 1934 per

201 1964 361 1989 annum
382 1949 599 2003 implendo
619 1950 765 2004 bigam
785 1951 972 1991 fimalem
994 1965 1087 2004 (111ἱο
1103 1951 1214 1991 valet
1237 1951 1341 1991 duos
1364 1951 1572 2001 denarios,
1594 1950 1699 1990 item
1719 1963 1806 1989 una

202 2017 269 2058 die
305 2018 498 2059 faciendo
534 2019 697 2060 foenum
735 2034 827 2073 quae
862 2020 973 2060 valet
1015 2020 1251 2071 denarium,
1294 2034 1391 2060 cum
1433 2025 1615 2073 quatuor
1656 2018 1805 2060 diebus

203 2087 550 2140 autumpnalibus
574 2102 666 2141 quae
686 2088 829 2128 valent
851 2102 926 2141 per
947 2102 1109 2129 annum
1131 2093 1226 2129 octo
1249 2088 1457 2129 denarios

260 2222 565 2263 VVILLIELMUS
603 2223 795 2263 Cowpmz
831 2223 883 2265 de
920 2224 1173 2265 Overforthe
1207 2224 1413 2278 praedicto
1447 2228 1566 2264 tenet
1603 2223 1655 2264 de
1691 2222 1806 2263 dicto

206 2290 337 2331 Petro
368 2291 452 2332 duo
485 2292 725 2344 messuagia
754 2293 936 2333 1111100111
965 2294 1153 2347 jacentia
1178 2308 1276 2334 cum
1308 2308 1395 2334 11110
1428 2306 1548 2334 orreo
1574 2296 1616 2332 et
1646 2291 1806 2331 scilicet

205 2358 319 2398 falda
338 2359 384 2399 in
405 2360 618 2400 hamcleto
640 2360 691 2400 de
723 2361 976 2401 Overforthe
1007 2362 1210 2416 praedicta
1239 2363 1285 2403 111
1315 2361 1542 2402 latitudine
1563 2361 1676 2400 inter
1698 2358 1805 2399 crof-

206 2431 300 2468 tum
323 2427 425 2468 dicti
449 2427 568 2467 Petri
588 2428 634 2467 in
655 2433 808 2469 tenura
829 2429 933 2469 dicti
956 2430 1134 2470 chrici
1153 2431 1376 2471 Holbroke
1397 2445 1447 2470 ex
1468 2435 1588 2483 parte
1610 2428 1806 2469 occiden—

206 2497 283 2536 tali
305 2501 347 2536 et
369 2496 499 2536 alium
522 2496 707 2537 croftum
729 2497 832 2538 dicti
856 2498 975 2538 Petri
996 2498 1042 2538 111
1072 2504 1226 2539 tenura
1246 2499 1349 2539 dicti
1370 2498 1593 2539 Willielmi
1616 2512 1666 2538 ex
1686 2501 1807 2550 parte

209 2565 405 2605 orientali
441 2569 483 2604 ct
516 2565 707 2605 extendit
743 2565 788 2605 in
822 2566 1091 2619 longitudine
1129 2582 1153 2608 a
1191 2568 1258 2609 via
1293 2569 1379 2608 alta
1415 2582 1507 2621 (111ῑο
1544 2566 1661 2606 ducit
1695 2565 1807 2605 infra

209 2634 467 2674 liameletum
490 2633 740 2686 praedictum
762 2649 811 2675 ex
842 2639 962 2688 parte
995 2636 1169 2676 australi
1200 2650 1334 2690 usque
1357 2636 1410 2677 ad
1431 2641 1589 2677 terram
1609 2634 1806 2675 videlicet
