1991 2916
220 217 273 255 22
516 227 568 253 nn
593 227 751 253 ”remus
776 227 826 252 ΕΤ
850 224 1133 252 TaNnnnNTls
1159 225 1204 250 IN
1233 223 1521 250 WERYNGTON.

278 340 300 393 ξ
325 339 562 378 3001111108
586 338 777 377 Bssncnss
806 336 857 376 (10
879 336 1149 389 'Weryngton
1177 338 1296 373 tenet
1324 333 1375 373 (10
1402 333 1516 373 dieto
1543 333 1670 372 Petro
1697 331 1814 385 Legh

218 407 270 447 ad
292 407 554 447 voluntatem
577 421 710 446 unum
732 404 1021 457 messuagium
1042 404 1189 457 jacens
1212 418 1262 443 ex
1287 402 1446 443 boreali
1472 406 1591 455 parte
1613 400 1715 441 dieti
1737 400 1816 440 vici

221 475 356 514 vocati
389 475 536 529 Sonky
561 480 657 528 gate
685 475 794 515 m'llae
824 474 1037 528 praedietae
1064 474 1109 513 in
1134 472 1361 512 latitudine
1389 471 1502 511 inter
1529 470 1669 510 forum
1694 469 1817 510 dieta)

218 543 326 583 villae
357 558 407 584 ex
440 548 559 597 parte
591 544 751 584 boreali
784 548 826 583 et
858 543 1021 584 dietum
1052 542 1191 583 vicum
1224 541 1275 581 (10
1309 539 1457 594 Sonky
1488 543 1584 592 gate
1616 552 1666 577 ex
1698 542 1816 590 parte

218 613 394 653 australi
420 617 462 653 et
490 612 723 652 extendens
749 612 796 652 in
820 611 1091 665 longitudine
1117 625 1141 650 a
1167 610 1281 650 dieto
1307 609 1549 661 messuagio
1571 607 1673 648 dieti
1701 606 1817 646 Petri

218 682 263 721 in
284 686 437 721 tenura
453 681 557 721 dieti
573 680 795 721 Willielmi
818 681 960 721 Lache
982 694 1032 720 ex
1053 683 1172 733 parte
1194 678 1390 719 orientali
1412 682 1454 718 et
1476 677 1607 717 alium
1627 689 1815 715 messua-

219 750 337 803 gium
359 750 463 790 dieti
494 749 609 790 Petri
642 749 687 789 in
717 754 871 789 tenura
898 748 1077 790 Henriei
1108 748 1301 788 Foxlowe
1328 761 1378 787 ex
1404 751 1524 800 parte
1550 743 1816 792 occidentali,

218 819 332 872 quod
353 819 463 859 valet
485 832 559 871 per
580 833 740 858 annum
762 818 876 858 dieto
897 818 1025 858 Petro
1047 817 1234 870 quinque
1256 815 1427 856 solidos,

276 887 389 926 Item
418 886 499 926 alia
525 885 621 925 baia
648 885 883 938 praescripti
910 885 1019 925 orrei
1050 884 1236 937 pertinet
1267 883 1470 937 praedicto
1500 880 1741 934 messuagio
1771 880 1817 920 in

217 960 370 995 tenura
390 954 491 994 dicti
515 953 691 994 Roberti
713 958 756 994 et
777 953 889 994 valet
910 967 985 1007 per
1007 968 1167 993 annum
1193 984 1370 993 ......

275 1023 388 1064 Item
417 1022 642 1062 dimidium
672 1021 907 1075 praescripti
936 1021 1103 1075 gardini
1131 1021 1317 1075 pertinet
1344 1019 1549 1073 praedicto
1575 1017 1817 1071 messuagio

217 1097 259 1132 et
276 1092 386 1132 valet
402 1106 477 1146 per
492 1106 653 1132 annum
677 1123 856 1132 ......
881 1105 977 1131 cum
996 1091 1167 1132 servitio
1182 1090 1363 1132 duorum
1381 1090 1546 1130 dierum
1564 1092 1816 1141 autumpna-

216 1161 322 1201 lium
344 1175 436 1215 quae
456 1161 599 1201 valent
621 1164 803 1214 quatuor
825 1159 1034 1200 denarios.

277 1297 559 1352 §HENRmUS
590 1298 808 1338 Foxmwn
842 1301 961 1338 tenet
994 1297 1045 1337 de
1077 1297 1220 1352 §dieto
1248 1297 1375 1337 Petro
1397 1294 1517 1348 Legh
1547 1293 1676 1334 alium
1705 1306 1815 1333 mes-

215 1366 410 1419 suagium
428 1366 588 1406 seilicet
604 1366 751 1420 jacens
774 1380 824 1406 ex
845 1370 965 1420 parte
985 1366 1145 1406 boreali
1167 1365 1357 1419 praedieti
1378 1363 1458 1404 vici
1481 1363 1532 1403 de
1552 1362 1699 1416 Sonky
1717 1366 1814 1414 gato

217 1434 341 1474 ‹lietae
357 1435 465 1475 villae
483 1434 534 1475 (10
549 1435 820 1489 Weryngton
840 1435 885 1474 in
908 1433 1136 1474 latitudine
1158 1433 1271 1473 inter
1288 1433 1449 1473 dietum
1470 1431 1610 1471 forum
1632 1444 1681 1470 ex
1698 1434 1817 1483 parte

216 1503 375 1544 boreali
403 1510 446 1543 ot
473 1503 724 1557 praedictum
746 1503 884 1544 vicum
916 1517 965 1543 ex
994 1507 1113 1556 parte
1136 1501 1311 1542 australi
1334 1505 1376 1541 et
1398 1499 1592 1540 extendit
1612 1499 1658 1538 in
1678 1498 1815 1552 longi-

216 1571 365 1611 tudine
394 1586 418 1611 a
444 1572 685 1625 messuagio
712 1572 814 1612 dieti
843 1572 960 1612 Petri
987 1572 1033 1611 in
1058 1576 1212 1611 tenura
1237 1570 1340 1610 dieti
1369 1568 1547 1609 Roberti
1576 1568 1744 1608 Bruehe
1767 1581 1816 1607 ex

216 1644 334 1692 parte
362 1639 558 1679 orientali
587 1654 721 1693 usque
750 1640 802 1680 ad
830 1639 1120 1692 messuagium
1142 1637 1365 1678 Willielmi
1395 1637 1578 1677 Botiller
1598 1636 1643 1676 in
1665 1640 1818 1676 tenura

218 1709 239 1747 J
247 1708 427 1748 ohannis
449 1708 721 1762 VVylkynson
743 1723 792 1748 ex
814 1713 934 1761 parte
956 1707 1223 1748 occidentali.

275 1777 387 1816 Item
410 1776 539 1816 alium
561 1777 671 1817 baie¹
692 1778 737 1816 in
759 1777 872 1817 dieto
894 1791 1015 1817 orreo
1034 1776 1220 1830 pertinet
1242 1774 1444 1828 proedieto
1462 1772 1705 1826 messuagio
1724 1787 1816 1826 quae

216 1845 417 1899 praedicta
434 1846 575 1885 valent
597 1846 710 1886 (licto
728 1846 854 1885 Petro
877 1859 951 1898 per
972 1859 1132 1884 annum
1151 1845 1336 1897 quinque
1355 1843 1511 1883 solidos
1530 1856 1627 1882 011111
1645 1841 1816 1882 servitio

217 1914 398 1954 duorum
430 1914 594 1953 (1101·11111
628 1913 968 1966 autumpnalium
1002 1927 1094 1965 quae
1126 1913 1267 1952 valent
1301 1916 1483 1964 quatuor
1514 1909 1709 1950 denarios
1742 1923 1817 1962 per

217 1996 390 2022 annum.

276 2119 297 2172 ξ
323 2118 563 2158 HENRICUS
592 2119 838 2158 BULLYNGE
870 2116 922 2156 (10
944 2117 1216 2170 VVeryngton
1244 2115 1447 2169 praedieto
1474 2119 1594 2155 tenet
1622 2114 1674 2154 de
1702 2113 1816 2154 dieto

218 2187 344 2226 Petro
371 2200 506 2226 unum
534 2186 822 2237 messuagium
854 2198 951 2224 eum
983 2198 1103 2225 orreo
1135 2184 1213 2224 sub
1242 2189 1357 2224 tecto
1383 2184 1485 2224 dieti
1517 2182 1745 2236 messuagii
1774 2187 1816 2223 et

217 2254 394 2306 gardino
416 2268 512 2294 eum
533 2254 626 2294 loeo
647 2259 795 2294 vocato
816 2254 855 2293 le
878 2253 1164 2307 Foldestydde
1184 2253 1374 2306 jacentia
1397 2253 1442 2293 in
1469 2251 1684 2293 suburbiis
1706 2251 1815 2292 villoe

216 2321 427 2374 praedietae
449 2322 574 2375 juxta
600 2322 639 2362 le
660 2322 821 2375 Whyte
847 2322 1020 2362 Crosse2
1049 2335 1141 2374 quae
1171 2325 1255 2361 stat
1286 2321 1332 2361 in
1360 2321 1426 2362 via
1454 2321 1637 2361 ducente
1666 2334 1690 2360 a
1717 2319 1816 2360 villa

215 2390 416 2443 praedieta
444 2404 577 2443 usque
610 2389 663 2429 acl
693 2392 887 2443 pontem3
917 2389 968 2430 de
1001 2389 1148 2443 Sonky
1177 2389 1289 2442 quod
1321 2389 1493 2443 quidem
1521 2388 1814 2442 messuagium

216 2472 314 2498 011111
329 2472 450 2499 orreo
466 2462 509 2498 et
530 2458 707 2511 gardino
724 2458 870 2511 jacent
891 2462 933 2497 et
952 2457 1166 2497 situantur
1182 2457 1227 2497 in
1243 2457 1471 2498 latitudine
1484 2458 1598 2497 inter
1613 2457 1814 2498 brueram

359 2619 367 2638 ¹
385 2618 467 2650 This
484 2618 511 2650 is
528 2622 645 2650 ineant
662 2618 716 2650 for
730 2629 774 2650 an
793 2617 938 2658 English
957 2618 1059 2649 word.
1268 2619 1280 2638 ²
1292 2619 1355 2651 See
1374 2619 1628 2651 Introduction.

237 2673 249 2692 ³
262 2672 346 2705 This
362 2672 389 2704 is
406 2672 579 2714 evidently
593 2673 652 2704 the
668 2672 787 2714 bridge
805 2683 884 2704 over
896 2673 955 2704 the
970 2672 1105 2712 Sankey
1119 2673 1235 2713 brwk,
1252 2684 1294 2705 on
1307 2675 1366 2705 the
1381 2673 1539 2715 liighway
1552 2676 1586 2704 to
1602 2671 1792 2713 Liverp00L
