<?xml version="1.0" encoding="UTF-8"?>
<!DOCTYPE html PUBLIC "-//W3C//DTD XHTML 1.0 Transitional//EN"
    "http://www.w3.org/TR/xhtml1/DTD/xhtml1-transitional.dtd">
<html xmlns="http://www.w3.org/1999/xhtml" xml:lang="en" lang="en">
 <head>
  <title>
</title>
<meta http-equiv="Content-Type" content="text/html;charset=utf-8" />
  <meta name='ocr-system' content='tesseract 3.04.00' />
  <meta name='ocr-capabilities' content='ocr_page ocr_carea ocr_par ocr_line ocrx_word'/>
</head>
<body>
  <div class='ocr_page' id='page_1' title='image "./warringtoninmccc00beamrich_0214.png"; bbox 0 0 1991 2916; ppageno 0'>
   <div class='ocr_carea' id='block_1_1' title="bbox 193 209 1500 257">
    <p class='ocr_par' dir='ltr' id='par_1_1' title="bbox 193 209 1500 257">
     <span class='ocr_line' id='line_1_1' title="bbox 193 209 1500 257; baseline 0.007 -10"><span class='ocrx_word' id='word_1_1' title='bbox 193 209 274 248; x_wconf 89' lang='grc'>116</span> <span class='ocrx_word' id='word_1_2' title='bbox 479 223 534 249; x_wconf 76' lang='lat' dir='ltr'>nn:</span> <span class='ocrx_word' id='word_1_3' title='bbox 559 224 717 252; x_wconf 61' lang='lat' dir='ltr'>&#39;memus</span> <span class='ocrx_word' id='word_1_4' title='bbox 739 225 791 251; x_wconf 75' lang='grc' dir='ltr'>Εἰ·</span> <span class='ocrx_word' id='word_1_5' title='bbox 813 225 1097 254; x_wconf 67' lang='grc' dir='ltr'>ΤΕΝΕΜΕΝΤΙε</span> <span class='ocrx_word' id='word_1_6' title='bbox 1119 227 1168 253; x_wconf 84' lang='lat' dir='ltr'>IN</span> <span class='ocrx_word' id='word_1_7' title='bbox 1192 228 1500 257; x_wconf 62' lang='lat' dir='ltr'>ovnnrowfflss.</span> 
     </span>
    </p>
   </div>
   <div class='ocr_carea' id='block_1_2' title="bbox 188 402 1787 597">
    <p class='ocr_par' dir='ltr' id='par_1_2' title="bbox 188 402 1787 597">
     <span class='ocr_line' id='line_1_2' title="bbox 249 402 1787 460; baseline 0.006 -18"><span class='ocrx_word' id='word_1_8' title='bbox 249 402 334 442; x_wconf 92' lang='lat' dir='ltr'>Hic</span> <span class='ocrx_word' id='word_1_9' title='bbox 364 403 514 456; x_wconf 83' lang='lat' dir='ltr'>incipit</span> <span class='ocrx_word' id='word_1_10' title='bbox 544 403 744 444; x_wconf 77' lang='lat' dir='ltr'>limitatio</span> <span class='ocrx_word' id='word_1_11' title='bbox 775 405 968 445; x_wconf 89' lang='lat' dir='ltr'>omnium</span> <span class='ocrx_word' id='word_1_12' title='bbox 998 407 1337 460; x_wconf 84' lang='lat' dir='ltr'>messuagiorum</span> <span class='ocrx_word' id='word_1_13' title='bbox 1363 412 1573 449; x_wconf 90' lang='lat' dir='ltr'>terrarum</span> <span class='ocrx_word' id='word_1_14' title='bbox 1601 414 1644 450; x_wconf 90' lang='lat' dir='ltr'>et</span> <span class='ocrx_word' id='word_1_15' title='bbox 1668 415 1787 452; x_wconf 87' lang='lat' dir='ltr'>tene-</span> 
     </span>
     <span class='ocr_line' id='line_1_3' title="bbox 188 472 1787 529; baseline 0.007 -20"><span class='ocrx_word' id='word_1_16' title='bbox 188 476 431 511; x_wconf 79' lang='lat' dir='ltr'>mentorum</span> <span class='ocrx_word' id='word_1_17' title='bbox 454 472 507 512; x_wconf 89' lang='lat' dir='ltr'>ad</span> <span class='ocrx_word' id='word_1_18' title='bbox 527 473 791 513; x_wconf 87' lang='lat' dir='ltr'>voluntatem</span> <span class='ocrx_word' id='word_1_19' title='bbox 823 475 938 514; x_wconf 88' lang='lat' dir='ltr'>Petri</span> <span class='ocrx_word' id='word_1_20' title='bbox 970 476 1090 529; x_wconf 87' lang='lat' dir='ltr'>Legh</span> <span class='ocrx_word' id='word_1_21' title='bbox 1122 476 1270 516; x_wconf 89' lang='lat' dir='ltr'>militis</span> <span class='ocrx_word' id='word_1_22' title='bbox 1301 477 1412 517; x_wconf 85' lang='lat' dir='ltr'>infra</span> <span class='ocrx_word' id='word_1_23' title='bbox 1437 478 1713 519; x_wconf 86' lang='lat' dir='ltr'>hamelettam</span> <span class='ocrx_word' id='word_1_24' title='bbox 1735 480 1787 521; x_wconf 87' lang='lat' dir='ltr'>de</span> 
     </span>
     <span class='ocr_line' id='line_1_4' title="bbox 190 539 984 597; baseline 0.006 -18"><span class='ocrx_word' id='word_1_25' title='bbox 190 539 442 581; x_wconf 84' lang='lat' dir='ltr'>Overforthe</span> <span class='ocrx_word' id='word_1_26' title='bbox 459 542 584 595; x_wconf 79' lang='lat' dir='ltr'>juxta</span> <span class='ocrx_word' id='word_1_27' title='bbox 604 543 887 597; x_wconf 86' lang='lat' dir='ltr'>Weryngton‚</span> <span class='ocrx_word' id='word_1_28' title='bbox 912 545 984 584; x_wconf 67' lang='lat' dir='ltr'>&amp;o</span> 
     </span>
    </p>
   </div>
   <div class='ocr_carea' id='block_1_3' title="bbox 177 677 1785 1285">
    <p class='ocr_par' dir='ltr' id='par_1_3' title="bbox 177 677 1785 1285">
     <span class='ocr_line' id='line_1_5' title="bbox 245 677 1785 737; baseline 0.005 -20"><span class='ocrx_word' id='word_1_29' title='bbox 245 677 478 731; x_wconf 80' lang='lat' dir='ltr'><strong>Imprimis.</strong></span> <span class='ocrx_word' id='word_1_30' title='bbox 545 678 697 719; x_wconf 80' lang='lat' dir='ltr'>Dictus</span> <span class='ocrx_word' id='word_1_31' title='bbox 731 680 907 720; x_wconf 67' lang='lat' dir='ltr'>was</span> <span class='ocrx_word' id='word_1_32' title='bbox 942 682 1070 722; x_wconf 61' lang='lat' dir='ltr'>LEGE</span> <span class='ocrx_word' id='word_1_33' title='bbox 1110 682 1238 723; x_wconf 91' lang='lat' dir='ltr'>habet</span> <span class='ocrx_word' id='word_1_34' title='bbox 1278 682 1491 736; x_wconf 85' lang='lat' dir='ltr'>quoddam</span> <span class='ocrx_word' id='word_1_35' title='bbox 1525 690 1695 737; x_wconf 86' lang='lat' dir='ltr'>pratum</span> <span class='ocrx_word' id='word_1_36' title='bbox 1732 685 1785 726; x_wconf 85' lang='lat' dir='ltr'>ad</span> 
     </span>
     <span class='ocr_line' id='line_1_6' title="bbox 187 745 1783 804; baseline 0.006 -20"><span class='ocrx_word' id='word_1_37' title='bbox 187 745 455 786; x_wconf 77' lang='lat' dir='ltr'>serviendum</span> <span class='ocrx_word' id='word_1_38' title='bbox 477 747 724 787; x_wconf 87' lang='lat' dir='ltr'>tenentibus</span> <span class='ocrx_word' id='word_1_39' title='bbox 758 748 842 788; x_wconf 89' lang='lat' dir='ltr'>suis</span> <span class='ocrx_word' id='word_1_40' title='bbox 875 749 926 789; x_wconf 89' lang='lat' dir='ltr'>de</span> <span class='ocrx_word' id='word_1_41' title='bbox 958 751 1212 791; x_wconf 82' lang='lat' dir='ltr'>Overforthe</span> <span class='ocrx_word' id='word_1_42' title='bbox 1238 751 1441 804; x_wconf 88' lang='lat' dir='ltr'>praedicto</span> <span class='ocrx_word' id='word_1_43' title='bbox 1462 758 1659 792; x_wconf 85' lang='lat' dir='ltr'>vocatum</span> <span class='ocrx_word' id='word_1_44' title='bbox 1681 754 1783 794; x_wconf 83' lang='lat' dir='ltr'>Dal-</span> 
     </span>
     <span class='ocr_line' id='line_1_7' title="bbox 185 815 1780 874; baseline 0.005 -21"><span class='ocrx_word' id='word_1_45' title='bbox 185 817 293 854; x_wconf 80' lang='lat' dir='ltr'>carrl</span> <span class='ocrx_word' id='word_1_46' title='bbox 317 815 442 855; x_wconf 89' lang='lat' dir='ltr'>medo</span> <span class='ocrx_word' id='word_1_47' title='bbox 464 815 687 855; x_wconf 88' lang='lat' dir='ltr'>continens</span> <span class='ocrx_word' id='word_1_48' title='bbox 711 830 783 856; x_wconf 84' lang='lat' dir='ltr'>sex</span> <span class='ocrx_word' id='word_1_49' title='bbox 799 831 916 857; x_wconf 86' lang='lat' dir='ltr'>acras</span> <span class='ocrx_word' id='word_1_50' title='bbox 937 819 1048 872; x_wconf 88' lang='lat' dir='ltr'>prati</span> <span class='ocrx_word' id='word_1_51' title='bbox 1065 821 1212 874; x_wconf 83' lang='lat' dir='ltr'>jacens</span> <span class='ocrx_word' id='word_1_52' title='bbox 1228 820 1274 860; x_wconf 94' lang='lat' dir='ltr'>in</span> <span class='ocrx_word' id='word_1_53' title='bbox 1290 820 1517 860; x_wconf 86' lang='lat' dir='ltr'>latitudine</span> <span class='ocrx_word' id='word_1_54' title='bbox 1538 821 1651 861; x_wconf 88' lang='lat' dir='ltr'>inter</span> <span class='ocrx_word' id='word_1_55' title='bbox 1672 822 1780 862; x_wconf 86' lang='lat' dir='ltr'>viam</span> 
     </span>
     <span class='ocr_line' id='line_1_8' title="bbox 185 882 1782 942; baseline 0.006 -21"><span class='ocrx_word' id='word_1_56' title='bbox 185 895 278 934; x_wconf 83' lang='lat' dir='ltr'>quae</span> <span class='ocrx_word' id='word_1_57' title='bbox 300 882 416 923; x_wconf 87' lang='lat' dir='ltr'>ducit</span> <span class='ocrx_word' id='word_1_58' title='bbox 438 898 461 922; x_wconf 88' lang='lat' dir='ltr'>a</span> <span class='ocrx_word' id='word_1_59' title='bbox 481 889 611 936; x_wconf 86' lang='lat' dir='ltr'>ponte</span> <span class='ocrx_word' id='word_1_60' title='bbox 633 884 684 924; x_wconf 87' lang='lat' dir='ltr'>de</span> <span class='ocrx_word' id='word_1_61' title='bbox 706 885 996 938; x_wconf 87' lang='lat' dir='ltr'>Longeforthe</span> <span class='ocrx_word' id='word_1_62' title='bbox 1028 903 1163 942; x_wconf 89' lang='lat' dir='ltr'>usque</span> <span class='ocrx_word' id='word_1_63' title='bbox 1195 889 1248 929; x_wconf 85' lang='lat' dir='ltr'>ad</span> <span class='ocrx_word' id='word_1_64' title='bbox 1278 889 1420 929; x_wconf 81' lang='lat' dir='ltr'>villam</span> <span class='ocrx_word' id='word_1_65' title='bbox 1454 890 1505 929; x_wconf 88' lang='lat' dir='ltr'>de</span> <span class='ocrx_word' id='word_1_66' title='bbox 1539 890 1701 930; x_wconf 90' lang='lat' dir='ltr'>Hulme</span> <span class='ocrx_word' id='word_1_67' title='bbox 1732 905 1782 931; x_wconf 86' lang='lat' dir='ltr'>ex</span> 
     </span>
     <span class='ocr_line' id='line_1_9' title="bbox 183 950 1783 1005; baseline 0.006 -16"><span class='ocrx_word' id='word_1_68' title='bbox 183 955 302 1002; x_wconf 84' lang='lat' dir='ltr'>parte</span> <span class='ocrx_word' id='word_1_69' title='bbox 324 950 519 991; x_wconf 74' lang='lat' dir='ltr'>orientali</span> <span class='ocrx_word' id='word_1_70' title='bbox 541 956 583 991; x_wconf 89' lang='lat' dir='ltr'>et</span> <span class='ocrx_word' id='word_1_71' title='bbox 605 952 735 991; x_wconf 88' lang='lat' dir='ltr'>alium</span> <span class='ocrx_word' id='word_1_72' title='bbox 756 958 926 1005; x_wconf 81' lang='lat' dir='ltr'>pratum</span> <span class='ocrx_word' id='word_1_73' title='bbox 948 956 1170 996; x_wconf 76' lang='lat' dir='ltr'>Willielmi</span> <span class='ocrx_word' id='word_1_74' title='bbox 1192 957 1372 997; x_wconf 82' lang='lat' dir='ltr'>Botiller</span> <span class='ocrx_word' id='word_1_75' title='bbox 1392 963 1589 998; x_wconf 86' lang='lat' dir='ltr'>vocatum</span> <span class='ocrx_word' id='word_1_76' title='bbox 1613 959 1783 999; x_wconf 88' lang='lat' dir='ltr'>Homur</span> 
     </span>
     <span class='ocr_line' id='line_1_10' title="bbox 181 1018 1782 1079; baseline 0.006 -22"><span class='ocrx_word' id='word_1_77' title='bbox 181 1018 336 1071; x_wconf 84' lang='lat' dir='ltr'>plokke</span> <span class='ocrx_word' id='word_1_78' title='bbox 359 1034 409 1059; x_wconf 78' lang='lat' dir='ltr'>ex</span> <span class='ocrx_word' id='word_1_79' title='bbox 429 1025 548 1073; x_wconf 88' lang='lat' dir='ltr'>parte</span> <span class='ocrx_word' id='word_1_80' title='bbox 571 1021 823 1061; x_wconf 86' lang='lat' dir='ltr'>occidentali</span> <span class='ocrx_word' id='word_1_81' title='bbox 850 1028 892 1061; x_wconf 90' lang='grc'>61</span> <span class='ocrx_word' id='word_1_82' title='bbox 923 1024 1113 1064; x_wconf 75' lang='lat' dir='ltr'>extendit</span> <span class='ocrx_word' id='word_1_83' title='bbox 1144 1025 1190 1064; x_wconf 97' lang='grc'>111</span> <span class='ocrx_word' id='word_1_84' title='bbox 1220 1025 1489 1079; x_wconf 76' lang='lat' dir='ltr'>longitudine</span> <span class='ocrx_word' id='word_1_85' title='bbox 1512 1041 1536 1066; x_wconf 86' lang='lat' dir='ltr'>a</span> <span class='ocrx_word' id='word_1_86' title='bbox 1555 1026 1709 1067; x_wconf 80' lang='lat' dir='ltr'>bruera</span> <span class='ocrx_word' id='word_1_87' title='bbox 1730 1028 1782 1068; x_wconf 89' lang='lat' dir='ltr'>de</span> 
     </span>
     <span class='ocr_line' id='line_1_11' title="bbox 180 1086 1780 1152; baseline 0.008 -27"><span class='ocrx_word' id='word_1_88' title='bbox 180 1086 451 1141; x_wconf 58' lang='lat' dir='ltr'>erryngton</span> <span class='ocrx_word' id='word_1_89' title='bbox 472 1103 521 1128; x_wconf 84' lang='lat' dir='ltr'>ex</span> <span class='ocrx_word' id='word_1_90' title='bbox 542 1094 661 1141; x_wconf 85' lang='lat' dir='ltr'>parte</span> <span class='ocrx_word' id='word_1_91' title='bbox 684 1090 859 1130; x_wconf 79' lang='lat' dir='ltr'>australi</span> <span class='ocrx_word' id='word_1_92' title='bbox 880 1105 1015 1144; x_wconf 90' lang='lat' dir='ltr'>usque</span> <span class='ocrx_word' id='word_1_93' title='bbox 1038 1092 1091 1132; x_wconf 89' lang='lat' dir='ltr'>ad</span> <span class='ocrx_word' id='word_1_94' title='bbox 1113 1107 1253 1133; x_wconf 86' lang='lat' dir='ltr'>acram</span> <span class='ocrx_word' id='word_1_95' title='bbox 1275 1095 1386 1147; x_wconf 87' lang='lat' dir='ltr'>prati</span> <span class='ocrx_word' id='word_1_96' title='bbox 1409 1095 1451 1134; x_wconf 92' lang='lat' dir='ltr'>N</span> <span class='ocrx_word' id='word_1_97' title='bbox 1454 1095 1608 1136; x_wconf 87' lang='lat' dir='ltr'>icholai</span> <span class='ocrx_word' id='word_1_98' title='bbox 1632 1097 1780 1152; x_wconf 84' lang='lat' dir='ltr'>Sonky</span> 
     </span>
     <span class='ocr_line' id='line_1_12' title="bbox 177 1156 1778 1217; baseline 0.007 -23"><span class='ocrx_word' id='word_1_99' title='bbox 177 1168 227 1194; x_wconf 83' lang='lat' dir='ltr'>ex</span> <span class='ocrx_word' id='word_1_100' title='bbox 263 1162 383 1209; x_wconf 88' lang='lat' dir='ltr'>parte</span> <span class='ocrx_word' id='word_1_101' title='bbox 415 1156 587 1207; x_wconf 80' lang='lat' dir='ltr'>boreali,</span> <span class='ocrx_word' id='word_1_102' title='bbox 623 1158 734 1210; x_wconf 88' lang='lat' dir='ltr'>quod</span> <span class='ocrx_word' id='word_1_103' title='bbox 767 1164 937 1211; x_wconf 85' lang='lat' dir='ltr'>pratum</span> <span class='ocrx_word' id='word_1_104' title='bbox 970 1161 1081 1201; x_wconf 85' lang='lat' dir='ltr'>valet</span> <span class='ocrx_word' id='word_1_105' title='bbox 1115 1162 1229 1202; x_wconf 79' lang='lat' dir='ltr'>dicto</span> <span class='ocrx_word' id='word_1_106' title='bbox 1263 1163 1390 1203; x_wconf 87' lang='lat' dir='ltr'>Petro</span> <span class='ocrx_word' id='word_1_107' title='bbox 1423 1178 1498 1217; x_wconf 86' lang='lat' dir='ltr'>per</span> <span class='ocrx_word' id='word_1_108' title='bbox 1531 1179 1690 1205; x_wconf 88' lang='lat' dir='ltr'>annum</span> <span class='ocrx_word' id='word_1_109' title='bbox 1725 1166 1778 1206; x_wconf 87' lang='lat' dir='ltr'>ad</span> 
     </span>
     <span class='ocr_line' id='line_1_13' title="bbox 177 1224 1727 1285; baseline 0.008 -22"><span class='ocrx_word' id='word_1_110' title='bbox 177 1224 440 1265; x_wconf 86' lang='lat' dir='ltr'>voluntatem</span> <span class='ocrx_word' id='word_1_111' title='bbox 463 1240 583 1265; x_wconf 87' lang='lat' dir='ltr'>suam</span> <span class='ocrx_word' id='word_1_112' title='bbox 604 1226 800 1266; x_wconf 84' lang='lat' dir='ltr'>videlicet</span> <span class='ocrx_word' id='word_1_113' title='bbox 821 1228 1049 1269; x_wconf 78' lang='lat' dir='ltr'>tresdecim</span> <span class='ocrx_word' id='word_1_114' title='bbox 1071 1230 1227 1271; x_wconf 85' lang='lat' dir='ltr'>solidos</span> <span class='ocrx_word' id='word_1_115' title='bbox 1250 1236 1292 1271; x_wconf 85' lang='lat' dir='ltr'>et</span> <span class='ocrx_word' id='word_1_116' title='bbox 1315 1237 1497 1285; x_wconf 84' lang='lat' dir='ltr'>quatuor</span> <span class='ocrx_word' id='word_1_117' title='bbox 1519 1233 1727 1275; x_wconf 84' lang='lat' dir='ltr'>denarios.</span> 
     </span>
    </p>
   </div>
   <div class='ocr_carea' id='block_1_4' title="bbox 165 1362 1777 2304">
    <p class='ocr_par' dir='ltr' id='par_1_4' title="bbox 173 1362 1777 1834">
     <span class='ocr_line' id='line_1_14' title="bbox 236 1362 1777 1411; baseline 0.006 -10"><span class='ocrx_word' id='word_1_118' title='bbox 236 1362 262 1401; x_wconf 86' lang='lat' dir='ltr'>J</span> <span class='ocrx_word' id='word_1_119' title='bbox 267 1376 475 1403; x_wconf 81' lang='lat' dir='ltr'>OHANNEs</span> <span class='ocrx_word' id='word_1_120' title='bbox 518 1364 733 1403; x_wconf 81' lang='lat' dir='ltr'>SOTHURN</span> <span class='ocrx_word' id='word_1_121' title='bbox 771 1364 822 1405; x_wconf 87' lang='lat' dir='ltr'>de</span> <span class='ocrx_word' id='word_1_122' title='bbox 859 1365 1112 1407; x_wconf 86' lang='lat' dir='ltr'>Overforthe</span> <span class='ocrx_word' id='word_1_123' title='bbox 1148 1371 1267 1408; x_wconf 90' lang='lat' dir='ltr'>tenet</span> <span class='ocrx_word' id='word_1_124' title='bbox 1309 1367 1360 1409; x_wconf 91' lang='lat' dir='ltr'>de</span> <span class='ocrx_word' id='word_1_125' title='bbox 1402 1368 1516 1410; x_wconf 89' lang='lat' dir='ltr'>dicto</span> <span class='ocrx_word' id='word_1_126' title='bbox 1557 1370 1683 1411; x_wconf 85' lang='lat' dir='ltr'>Petro</span> <span class='ocrx_word' id='word_1_127' title='bbox 1724 1371 1777 1411; x_wconf 88' lang='lat' dir='ltr'>ad</span> 
     </span>
     <span class='ocr_line' id='line_1_15' title="bbox 177 1431 1776 1488; baseline 0.006 -18"><span class='ocrx_word' id='word_1_128' title='bbox 177 1431 442 1472; x_wconf 82' lang='lat' dir='ltr'>voluntatem</span> <span class='ocrx_word' id='word_1_129' title='bbox 468 1447 604 1472; x_wconf 85' lang='lat' dir='ltr'>unum</span> <span class='ocrx_word' id='word_1_130' title='bbox 631 1434 921 1488; x_wconf 85' lang='lat' dir='ltr'>messuagium</span> <span class='ocrx_word' id='word_1_131' title='bbox 954 1450 1050 1475; x_wconf 91' lang='lat' dir='ltr'>cum</span> <span class='ocrx_word' id='word_1_132' title='bbox 1082 1441 1176 1476; x_wconf 92' lang='lat' dir='ltr'>orto</span> <span class='ocrx_word' id='word_1_133' title='bbox 1208 1437 1455 1478; x_wconf 83' lang='lat' dir='ltr'>continente</span> <span class='ocrx_word' id='word_1_134' title='bbox 1477 1452 1607 1478; x_wconf 86' lang='lat' dir='ltr'>unam</span> <span class='ocrx_word' id='word_1_135' title='bbox 1628 1438 1776 1479; x_wconf 87' lang='lat' dir='ltr'>rodam</span> 
     </span>
     <span class='ocr_line' id='line_1_16' title="bbox 174 1501 1776 1554; baseline 0.005 -14"><span class='ocrx_word' id='word_1_136' title='bbox 174 1505 296 1541; x_wconf 82' lang='lat' dir='ltr'>tcrrae</span> <span class='ocrx_word' id='word_1_137' title='bbox 312 1501 501 1554; x_wconf 84' lang='lat' dir='ltr'>jacentia</span> <span class='ocrx_word' id='word_1_138' title='bbox 520 1501 566 1541; x_wconf 91' lang='lat' dir='ltr'>in</span> <span class='ocrx_word' id='word_1_139' title='bbox 586 1502 813 1542; x_wconf 87' lang='lat' dir='ltr'>latitudine</span> <span class='ocrx_word' id='word_1_140' title='bbox 834 1503 947 1543; x_wconf 88' lang='lat' dir='ltr'>inter</span> <span class='ocrx_word' id='word_1_141' title='bbox 963 1509 1120 1544; x_wconf 85' lang='lat' dir='ltr'>terram</span> <span class='ocrx_word' id='word_1_142' title='bbox 1139 1505 1310 1545; x_wconf 86' lang='lat' dir='ltr'>Ricardi</span> <span class='ocrx_word' id='word_1_143' title='bbox 1331 1506 1627 1547; x_wconf 83' lang='lat' dir='ltr'>Sothewurthe</span> <span class='ocrx_word' id='word_1_144' title='bbox 1650 1508 1776 1548; x_wconf 82' lang='lat' dir='ltr'>armi-</span> 
     </span>
     <span class='ocr_line' id='line_1_17' title="bbox 175 1569 1775 1628; baseline 0.005 -20"><span class='ocrx_word' id='word_1_145' title='bbox 175 1569 264 1621; x_wconf 85' lang='lat' dir='ltr'>geri</span> <span class='ocrx_word' id='word_1_146' title='bbox 290 1583 339 1609; x_wconf 82' lang='lat' dir='ltr'>ex</span> <span class='ocrx_word' id='word_1_147' title='bbox 364 1576 482 1623; x_wconf 85' lang='lat' dir='ltr'>parte</span> <span class='ocrx_word' id='word_1_148' title='bbox 508 1570 667 1611; x_wconf 85' lang='lat' dir='ltr'>boreali</span> <span class='ocrx_word' id='word_1_149' title='bbox 696 1577 738 1611; x_wconf 89' lang='lat' dir='ltr'>et</span> <span class='ocrx_word' id='word_1_150' title='bbox 770 1572 968 1613; x_wconf 85' lang='lat' dir='ltr'>brueram</span> <span class='ocrx_word' id='word_1_151' title='bbox 995 1573 1046 1613; x_wconf 90' lang='lat' dir='ltr'>de</span> <span class='ocrx_word' id='word_1_152' title='bbox 1079 1574 1331 1615; x_wconf 86' lang='lat' dir='ltr'>Overforthe</span> <span class='ocrx_word' id='word_1_153' title='bbox 1365 1589 1414 1615; x_wconf 83' lang='lat' dir='ltr'>ex</span> <span class='ocrx_word' id='word_1_154' title='bbox 1446 1581 1566 1628; x_wconf 84' lang='lat' dir='ltr'>parte</span> <span class='ocrx_word' id='word_1_155' title='bbox 1600 1576 1775 1616; x_wconf 78' lang='lat' dir='ltr'>australi</span> 
     </span>
     <span class='ocr_line' id='line_1_18' title="bbox 174 1636 1774 1693; baseline 0.005 -17"><span class='ocrx_word' id='word_1_156' title='bbox 174 1636 261 1677; x_wconf 87' lang='lat' dir='ltr'>fere</span> <span class='ocrx_word' id='word_1_157' title='bbox 283 1643 324 1677; x_wconf 87' lang='lat' dir='ltr'>et</span> <span class='ocrx_word' id='word_1_158' title='bbox 346 1638 582 1678; x_wconf 75' lang='lat' dir='ltr'>extendunt</span> <span class='ocrx_word' id='word_1_159' title='bbox 604 1640 648 1679; x_wconf 91' lang='lat' dir='ltr'>in</span> <span class='ocrx_word' id='word_1_160' title='bbox 670 1640 940 1693; x_wconf 80' lang='lat' dir='ltr'>longitudine</span> <span class='ocrx_word' id='word_1_161' title='bbox 971 1656 995 1681; x_wconf 86' lang='lat' dir='ltr'>a</span> <span class='ocrx_word' id='word_1_162' title='bbox 1024 1647 1138 1682; x_wconf 86' lang='lat' dir='ltr'>terra</span> <span class='ocrx_word' id='word_1_163' title='bbox 1160 1643 1261 1683; x_wconf 87' lang='lat' dir='ltr'>dicti</span> <span class='ocrx_word' id='word_1_164' title='bbox 1285 1643 1455 1683; x_wconf 86' lang='lat' dir='ltr'>Ricardi</span> <span class='ocrx_word' id='word_1_165' title='bbox 1479 1645 1774 1685; x_wconf 82' lang='lat' dir='ltr'>Sotheworthe</span> 
     </span>
     <span class='ocr_line' id='line_1_19' title="bbox 173 1707 1773 1762; baseline 0.006 -18"><span class='ocrx_word' id='word_1_166' title='bbox 173 1719 223 1745; x_wconf 84' lang='lat' dir='ltr'>cx</span> <span class='ocrx_word' id='word_1_167' title='bbox 254 1711 373 1758; x_wconf 84' lang='lat' dir='ltr'>parte</span> <span class='ocrx_word' id='word_1_168' title='bbox 404 1707 655 1747; x_wconf 84' lang='lat' dir='ltr'>occidentali</span> <span class='ocrx_word' id='word_1_169' title='bbox 687 1723 821 1762; x_wconf 85' lang='lat' dir='ltr'>usque</span> <span class='ocrx_word' id='word_1_170' title='bbox 847 1710 901 1749; x_wconf 87' lang='lat' dir='ltr'>ad</span> <span class='ocrx_word' id='word_1_171' title='bbox 928 1715 1085 1750; x_wconf 84' lang='lat' dir='ltr'>terram</span> <span class='ocrx_word' id='word_1_172' title='bbox 1118 1711 1218 1751; x_wconf 83' lang='lat' dir='ltr'>dicti</span> <span class='ocrx_word' id='word_1_173' title='bbox 1249 1713 1365 1752; x_wconf 87' lang='lat' dir='ltr'>Petri</span> <span class='ocrx_word' id='word_1_174' title='bbox 1399 1713 1446 1752; x_wconf 91' lang='lat' dir='ltr'>in</span> <span class='ocrx_word' id='word_1_175' title='bbox 1481 1719 1634 1752; x_wconf 86' lang='lat' dir='ltr'>tenura</span> <span class='ocrx_word' id='word_1_176' title='bbox 1670 1713 1773 1754; x_wconf 87' lang='lat' dir='ltr'>dicti</span> 
     </span>
     <span class='ocr_line' id='line_1_20' title="bbox 173 1775 1682 1834; baseline 0.005 -21"><span class='ocrx_word' id='word_1_177' title='bbox 173 1775 198 1813; x_wconf 87' lang='lat' dir='ltr'>J</span> <span class='ocrx_word' id='word_1_178' title='bbox 203 1775 382 1814; x_wconf 85' lang='lat' dir='ltr'>ohannis</span> <span class='ocrx_word' id='word_1_179' title='bbox 407 1776 621 1816; x_wconf 83' lang='lat' dir='ltr'>Sothurne</span> <span class='ocrx_word' id='word_1_180' title='bbox 643 1782 685 1817; x_wconf 88' lang='lat' dir='ltr'>ct</span> <span class='ocrx_word' id='word_1_181' title='bbox 709 1778 892 1818; x_wconf 86' lang='lat' dir='ltr'>Gilberti</span> <span class='ocrx_word' id='word_1_182' title='bbox 916 1779 1240 1833; x_wconf 85' lang='lat' dir='ltr'>Hoggekynson</span> <span class='ocrx_word' id='word_1_183' title='bbox 1262 1794 1311 1820; x_wconf 83' lang='lat' dir='ltr'>ex</span> <span class='ocrx_word' id='word_1_184' title='bbox 1332 1787 1452 1834; x_wconf 85' lang='lat' dir='ltr'>parte</span> <span class='ocrx_word' id='word_1_185' title='bbox 1474 1782 1682 1822; x_wconf 84' lang='lat' dir='ltr'>orientali.</span> 
     </span>
    </p>

    <p class='ocr_par' dir='ltr' id='par_1_5' title="bbox 165 1843 1772 2304">
     <span class='ocr_line' id='line_1_21' title="bbox 230 1843 1769 1901; baseline 0.005 -19"><span class='ocrx_word' id='word_1_186' title='bbox 230 1843 343 1883; x_wconf 84' lang='lat' dir='ltr'>Item</span> <span class='ocrx_word' id='word_1_187' title='bbox 364 1849 483 1884; x_wconf 85' lang='lat' dir='ltr'>tenet</span> <span class='ocrx_word' id='word_1_188' title='bbox 505 1844 608 1884; x_wconf 86' lang='lat' dir='ltr'>duas</span> <span class='ocrx_word' id='word_1_189' title='bbox 630 1859 778 1898; x_wconf 88' lang='lat' dir='ltr'>parvas</span> <span class='ocrx_word' id='word_1_190' title='bbox 800 1846 917 1886; x_wconf 88' lang='lat' dir='ltr'>haias</span> <span class='ocrx_word' id='word_1_191' title='bbox 940 1861 1037 1886; x_wconf 87' lang='lat' dir='ltr'>cum</span> <span class='ocrx_word' id='word_1_192' title='bbox 1060 1847 1230 1901; x_wconf 79' lang='lat' dir='ltr'>sepibus</span> <span class='ocrx_word' id='word_1_193' title='bbox 1252 1854 1294 1888; x_wconf 90' lang='lat' dir='ltr'>et</span> <span class='ocrx_word' id='word_1_194' title='bbox 1315 1848 1440 1889; x_wconf 86' lang='lat' dir='ltr'>fossis</span> <span class='ocrx_word' id='word_1_195' title='bbox 1461 1849 1646 1889; x_wconf 85' lang='lat' dir='ltr'>inclusas</span> <span class='ocrx_word' id='word_1_196' title='bbox 1669 1864 1769 1890; x_wconf 89' lang='lat' dir='ltr'>con-</span> 
     </span>
     <span class='ocr_line' id='line_1_22' title="bbox 171 1911 1772 1969; baseline 0.006 -19"><span class='ocrx_word' id='word_1_197' title='bbox 171 1911 358 1952; x_wconf 87' lang='lat' dir='ltr'>tinentes</span> <span class='ocrx_word' id='word_1_198' title='bbox 391 1917 572 1965; x_wconf 86' lang='lat' dir='ltr'>quatuor</span> <span class='ocrx_word' id='word_1_199' title='bbox 604 1927 720 1953; x_wconf 85' lang='lat' dir='ltr'>acras</span> <span class='ocrx_word' id='word_1_200' title='bbox 752 1919 876 1954; x_wconf 82' lang='lat' dir='ltr'>terrae</span> <span class='ocrx_word' id='word_1_201' title='bbox 908 1915 1077 1955; x_wconf 85' lang='lat' dir='ltr'>arabilis</span> <span class='ocrx_word' id='word_1_202' title='bbox 1104 1916 1296 1969; x_wconf 83' lang='lat' dir='ltr'>jacentes</span> <span class='ocrx_word' id='word_1_203' title='bbox 1325 1918 1371 1957; x_wconf 87' lang='lat' dir='ltr'>in</span> <span class='ocrx_word' id='word_1_204' title='bbox 1398 1918 1625 1959; x_wconf 82' lang='lat' dir='ltr'>latitudine</span> <span class='ocrx_word' id='word_1_205' title='bbox 1658 1919 1772 1960; x_wconf 88' lang='lat' dir='ltr'>inter</span> 
     </span>
     <span class='ocr_line' id='line_1_23' title="bbox 170 1981 1769 2038; baseline 0.006 -19"><span class='ocrx_word' id='word_1_206' title='bbox 170 1985 328 2020; x_wconf 74' lang='lat' dir='ltr'>terrain</span> <span class='ocrx_word' id='word_1_207' title='bbox 364 1981 466 2021; x_wconf 90' lang='lat' dir='ltr'>dicti</span> <span class='ocrx_word' id='word_1_208' title='bbox 496 1982 667 2022; x_wconf 85' lang='lat' dir='ltr'>Ricardi</span> <span class='ocrx_word' id='word_1_209' title='bbox 701 1984 999 2024; x_wconf 82' lang='lat' dir='ltr'>Sothewurthe</span> <span class='ocrx_word' id='word_1_210' title='bbox 1029 1999 1079 2024; x_wconf 84' lang='lat' dir='ltr'>ex</span> <span class='ocrx_word' id='word_1_211' title='bbox 1103 1991 1223 2038; x_wconf 81' lang='lat' dir='ltr'>parte</span> <span class='ocrx_word' id='word_1_212' title='bbox 1249 1986 1503 2027; x_wconf 87' lang='lat' dir='ltr'>occidentali</span> <span class='ocrx_word' id='word_1_213' title='bbox 1537 1992 1579 2028; x_wconf 89' lang='lat' dir='ltr'>et</span> <span class='ocrx_word' id='word_1_214' title='bbox 1611 1993 1769 2029; x_wconf 86' lang='lat' dir='ltr'>terram</span> 
     </span>
     <span class='ocr_line' id='line_1_24' title="bbox 170 2049 1768 2107; baseline 0.006 -19"><span class='ocrx_word' id='word_1_215' title='bbox 170 2049 273 2088; x_wconf 88' lang='lat' dir='ltr'>dicti</span> <span class='ocrx_word' id='word_1_216' title='bbox 296 2050 411 2089; x_wconf 90' lang='lat' dir='ltr'>Petri</span> <span class='ocrx_word' id='word_1_217' title='bbox 432 2050 477 2089; x_wconf 92' lang='lat' dir='ltr'>in</span> <span class='ocrx_word' id='word_1_218' title='bbox 493 2055 647 2090; x_wconf 85' lang='lat' dir='ltr'>tenura</span> <span class='ocrx_word' id='word_1_219' title='bbox 669 2051 771 2091; x_wconf 91' lang='lat' dir='ltr'>dicti</span> <span class='ocrx_word' id='word_1_220' title='bbox 794 2052 979 2092; x_wconf 85' lang='lat' dir='ltr'>Gilberti</span> <span class='ocrx_word' id='word_1_221' title='bbox 1000 2067 1050 2093; x_wconf 81' lang='lat' dir='ltr'>ex</span> <span class='ocrx_word' id='word_1_222' title='bbox 1070 2060 1190 2107; x_wconf 84' lang='lat' dir='ltr'>parte</span> <span class='ocrx_word' id='word_1_223' title='bbox 1208 2055 1403 2095; x_wconf 81' lang='lat' dir='ltr'>orientali</span> <span class='ocrx_word' id='word_1_224' title='bbox 1426 2061 1468 2096; x_wconf 90' lang='lat' dir='ltr'>et</span> <span class='ocrx_word' id='word_1_225' title='bbox 1490 2057 1768 2098; x_wconf 84' lang='lat' dir='ltr'>extendentes</span> 
     </span>
     <span class='ocr_line' id='line_1_25' title="bbox 169 2117 1770 2174; baseline 0.006 -18"><span class='ocrx_word' id='word_1_226' title='bbox 169 2117 215 2157; x_wconf 88' lang='lat' dir='ltr'>in</span> <span class='ocrx_word' id='word_1_227' title='bbox 236 2118 503 2171; x_wconf 81' lang='lat' dir='ltr'>longitudine</span> <span class='ocrx_word' id='word_1_228' title='bbox 526 2134 550 2158; x_wconf 87' lang='lat' dir='ltr'>a</span> <span class='ocrx_word' id='word_1_229' title='bbox 570 2120 772 2172; x_wconf 69' lang='lat' dir='ltr'>praedicto</span> <span class='ocrx_word' id='word_1_230' title='bbox 793 2121 1034 2174; x_wconf 82' lang='lat' dir='ltr'>messuagio</span> <span class='ocrx_word' id='word_1_231' title='bbox 1066 2128 1108 2162; x_wconf 91' lang='lat' dir='ltr'>et</span> <span class='ocrx_word' id='word_1_232' title='bbox 1140 2128 1233 2163; x_wconf 88' lang='lat' dir='ltr'>orto</span> <span class='ocrx_word' id='word_1_233' title='bbox 1261 2124 1363 2164; x_wconf 89' lang='lat' dir='ltr'>dicti</span> <span class='ocrx_word' id='word_1_234' title='bbox 1394 2125 1510 2164; x_wconf 89' lang='lat' dir='ltr'>Petri</span> <span class='ocrx_word' id='word_1_235' title='bbox 1540 2125 1586 2165; x_wconf 88' lang='lat' dir='ltr'>in</span> <span class='ocrx_word' id='word_1_236' title='bbox 1617 2130 1770 2166; x_wconf 85' lang='lat' dir='ltr'>tenura</span> 
     </span>
     <span class='ocr_line' id='line_1_26' title="bbox 165 2186 1767 2244; baseline 0.006 -19"><span class='ocrx_word' id='word_1_237' title='bbox 165 2186 357 2238; x_wconf 70' lang='lat' dir='ltr'>praedicti</span> <span class='ocrx_word' id='word_1_238' title='bbox 390 2187 416 2225; x_wconf 86' lang='lat' dir='ltr'><strong>J</strong></span> <span class='ocrx_word' id='word_1_239' title='bbox 420 2187 600 2227; x_wconf 85' lang='lat' dir='ltr'>ohannis</span> <span class='ocrx_word' id='word_1_240' title='bbox 634 2202 684 2227; x_wconf 79' lang='lat' dir='ltr'>ex</span> <span class='ocrx_word' id='word_1_241' title='bbox 719 2193 839 2241; x_wconf 85' lang='lat' dir='ltr'>parte</span> <span class='ocrx_word' id='word_1_242' title='bbox 869 2189 1043 2229; x_wconf 87' lang='lat' dir='ltr'>australi</span> <span class='ocrx_word' id='word_1_243' title='bbox 1073 2204 1207 2244; x_wconf 87' lang='lat' dir='ltr'>usque</span> <span class='ocrx_word' id='word_1_244' title='bbox 1241 2192 1293 2232; x_wconf 86' lang='lat' dir='ltr'>ad</span> <span class='ocrx_word' id='word_1_245' title='bbox 1327 2193 1452 2232; x_wconf 86' lang='lat' dir='ltr'>aliam</span> <span class='ocrx_word' id='word_1_246' title='bbox 1479 2198 1637 2233; x_wconf 86' lang='lat' dir='ltr'>terram</span> <span class='ocrx_word' id='word_1_247' title='bbox 1664 2194 1767 2235; x_wconf 91' lang='lat' dir='ltr'>dicti</span> 
     </span>
     <span class='ocr_line' id='line_1_27' title="bbox 168 2255 1765 2304; baseline 0.006 -11"><span class='ocrx_word' id='word_1_248' title='bbox 168 2255 282 2294; x_wconf 87' lang='lat' dir='ltr'>Petri</span> <span class='ocrx_word' id='word_1_249' title='bbox 312 2255 358 2294; x_wconf 89' lang='lat' dir='ltr'>in</span> <span class='ocrx_word' id='word_1_250' title='bbox 388 2260 541 2295; x_wconf 87' lang='lat' dir='ltr'>tenura</span> <span class='ocrx_word' id='word_1_251' title='bbox 572 2255 675 2295; x_wconf 91' lang='lat' dir='ltr'>dicti</span> <span class='ocrx_word' id='word_1_252' title='bbox 707 2256 732 2294; x_wconf 84' lang='lat' dir='ltr'><strong>J</strong></span> <span class='ocrx_word' id='word_1_253' title='bbox 737 2257 916 2296; x_wconf 84' lang='lat' dir='ltr'>ohannis</span> <span class='ocrx_word' id='word_1_254' title='bbox 941 2258 1156 2299; x_wconf 87' lang='lat' dir='ltr'>Sothurne</span> <span class='ocrx_word' id='word_1_255' title='bbox 1177 2266 1369 2301; x_wconf 85' lang='lat' dir='ltr'>vocatam</span> <span class='ocrx_word' id='word_1_256' title='bbox 1402 2261 1519 2302; x_wconf 86' lang='lat' dir='ltr'>Rede</span> <span class='ocrx_word' id='word_1_257' title='bbox 1550 2262 1684 2303; x_wconf 83' lang='lat' dir='ltr'>Erthe</span> <span class='ocrx_word' id='word_1_258' title='bbox 1716 2278 1765 2304; x_wconf 84' lang='lat' dir='ltr'>ex</span> 
     </span>
    </p>
   </div>
   <div class='ocr_carea' id='block_1_5' title="bbox 166 2321 1763 2447">
    <p class='ocr_par' dir='ltr' id='par_1_6' title="bbox 166 2321 1763 2447">
     <span class='ocr_line' id='line_1_28' title="bbox 166 2321 478 2375; baseline 0.003 -14"><span class='ocrx_word' id='word_1_259' title='bbox 166 2328 285 2375; x_wconf 84' lang='lat' dir='ltr'>parte</span> <span class='ocrx_word' id='word_1_260' title='bbox 307 2321 478 2363; x_wconf 86' lang='lat' dir='ltr'>boreali.</span> 
     </span>
     <span class='ocr_line' id='line_1_29' title="bbox 222 2391 1763 2447; baseline 0.007 -18"><span class='ocrx_word' id='word_1_261' title='bbox 222 2391 336 2430; x_wconf 86' lang='lat' dir='ltr'>Item</span> <span class='ocrx_word' id='word_1_262' title='bbox 370 2395 490 2430; x_wconf 85' lang='lat' dir='ltr'>tenet</span> <span class='ocrx_word' id='word_1_263' title='bbox 526 2391 577 2431; x_wconf 91' lang='lat' dir='ltr'>de</span> <span class='ocrx_word' id='word_1_264' title='bbox 614 2391 726 2432; x_wconf 82' lang='lat' dir='ltr'>dicto</span> <span class='ocrx_word' id='word_1_265' title='bbox 762 2393 890 2433; x_wconf 88' lang='lat' dir='ltr'>Petro</span> <span class='ocrx_word' id='word_1_266' title='bbox 924 2394 1045 2447; x_wconf 86' lang='lat' dir='ltr'>Legh</span> <span class='ocrx_word' id='word_1_267' title='bbox 1079 2409 1210 2436; x_wconf 87' lang='lat' dir='ltr'>unam</span> <span class='ocrx_word' id='word_1_268' title='bbox 1246 2411 1386 2438; x_wconf 86' lang='lat' dir='ltr'>acram</span> <span class='ocrx_word' id='word_1_269' title='bbox 1425 2403 1550 2440; x_wconf 79' lang='lat' dir='ltr'>terrae</span> <span class='ocrx_word' id='word_1_270' title='bbox 1594 2399 1763 2440; x_wconf 86' lang='lat' dir='ltr'>arabilis</span> 
     </span>
    </p>
   </div>
   <div class='ocr_carea' id='block_1_6' title="bbox 257 2489 1131 2504">
    <p class='ocr_par' dir='ltr' id='par_1_7' title="bbox 257 2489 1131 2504">
     <span class='ocr_line' id='line_1_30' title="bbox 257 2489 1131 2504; baseline 0 0"><span class='ocrx_word' id='word_1_271' title='bbox 257 2489 1131 2504; x_wconf 95' lang='lat' dir='ltr'> </span> 
     </span>
    </p>
   </div>
   <div class='ocr_carea' id='block_1_7' title="bbox 159 2556 1762 2705">
    <p class='ocr_par' dir='ltr' id='par_1_8' title="bbox 159 2556 1762 2705">
     <span class='ocr_line' id='line_1_31' title="bbox 207 2556 1762 2605; baseline 0.006 -19"><span class='ocrx_word' id='word_1_272' title='bbox 207 2557 213 2576; x_wconf 88' lang='lat'><strong>¹</strong></span> <span class='ocrx_word' id='word_1_273' title='bbox 231 2556 316 2587; x_wconf 80' lang='lat' dir='ltr'>This</span> <span class='ocrx_word' id='word_1_274' title='bbox 331 2556 411 2588; x_wconf 80' lang='lat' dir='ltr'>field</span> <span class='ocrx_word' id='word_1_275' title='bbox 427 2556 454 2588; x_wconf 83' lang='lat' dir='ltr'>is</span> <span class='ocrx_word' id='word_1_276' title='bbox 472 2557 541 2588; x_wconf 83' lang='lat' dir='ltr'>still</span> <span class='ocrx_word' id='word_1_277' title='bbox 564 2558 688 2590; x_wconf 81' lang='lat' dir='ltr'>known</span> <span class='ocrx_word' id='word_1_278' title='bbox 715 2559 760 2600; x_wconf 78' lang='lat' dir='ltr'>by</span> <span class='ocrx_word' id='word_1_279' title='bbox 785 2559 829 2591; x_wconf 85' lang='lat' dir='ltr'>its</span> <span class='ocrx_word' id='word_1_280' title='bbox 851 2561 989 2593; x_wconf 83' lang='lat' dir='ltr'>ancient</span> <span class='ocrx_word' id='word_1_281' title='bbox 1013 2572 1124 2594; x_wconf 79' lang='lat' dir='ltr'>name.</span> <span class='ocrx_word' id='word_1_282' title='bbox 1171 2564 1213 2595; x_wconf 90' lang='lat' dir='ltr'>In</span> <span class='ocrx_word' id='word_1_283' title='bbox 1229 2575 1249 2596; x_wconf 84' lang='lat' dir='ltr'>a</span> <span class='ocrx_word' id='word_1_284' title='bbox 1265 2575 1478 2605; x_wconf 78' lang='lat' dir='ltr'>conveyance</span> <span class='ocrx_word' id='word_1_285' title='bbox 1495 2565 1597 2597; x_wconf 79' lang='lat' dir='ltr'>dated</span> <span class='ocrx_word' id='word_1_286' title='bbox 1613 2565 1649 2596; x_wconf 90' lang='lat' dir='ltr'>in</span> <span class='ocrx_word' id='word_1_287' title='bbox 1668 2566 1762 2605; x_wconf 77' lang='lat'>1744,</span> 
     </span>
     <span class='ocr_line' id='line_1_32' title="bbox 159 2611 1758 2660; baseline 0.006 -18"><span class='ocrx_word' id='word_1_288' title='bbox 159 2611 228 2642; x_wconf 79' lang='lat' dir='ltr'>this</span> <span class='ocrx_word' id='word_1_289' title='bbox 247 2611 451 2651; x_wconf 71' lang='lat' dir='ltr'>description</span> <span class='ocrx_word' id='word_1_290' title='bbox 470 2622 586 2642; x_wconf 81' lang='lat' dir='ltr'>occurs</span> <span class='ocrx_word' id='word_1_291' title='bbox 603 2624 609 2643; x_wconf 93' lang='lat'>:</span> <span class='ocrx_word' id='word_1_292' title='bbox 633 2613 652 2628; x_wconf 89' lang='lat'><strong>“</strong></span> <span class='ocrx_word' id='word_1_293' title='bbox 666 2613 723 2643; x_wconf 86' lang='lat' dir='ltr'>All</span> <span class='ocrx_word' id='word_1_294' title='bbox 737 2613 814 2644; x_wconf 82' lang='lat' dir='ltr'>that</span> <span class='ocrx_word' id='word_1_295' title='bbox 838 2615 919 2645; x_wconf 84' lang='lat' dir='ltr'>rood</span> <span class='ocrx_word' id='word_1_296' title='bbox 939 2615 1029 2653; x_wconf 78' lang='lat' dir='ltr'>land,</span> <span class='ocrx_word' id='word_1_297' title='bbox 1047 2616 1119 2656; x_wconf 81' lang='lat' dir='ltr'>plot</span> <span class='ocrx_word' id='word_1_298' title='bbox 1139 2627 1178 2648; x_wconf 82' lang='lat' dir='ltr'>or</span> <span class='ocrx_word' id='word_1_299' title='bbox 1198 2618 1311 2658; x_wconf 77' lang='lat' dir='ltr'>parcel</span> <span class='ocrx_word' id='word_1_300' title='bbox 1336 2618 1374 2650; x_wconf 88' lang='lat' dir='ltr'>of</span> <span class='ocrx_word' id='word_1_301' title='bbox 1396 2619 1599 2651; x_wconf 78' lang='lat' dir='ltr'>unenclosed</span> <span class='ocrx_word' id='word_1_302' title='bbox 1626 2619 1758 2660; x_wconf 86' lang='lat' dir='ltr'>ground</span> 
     </span>
     <span class='ocr_line' id='line_1_33' title="bbox 160 2665 1209 2705; baseline 0.006 -10"><span class='ocrx_word' id='word_1_303' title='bbox 160 2665 254 2705; x_wconf 72' lang='lat' dir='ltr'>lying</span> <span class='ocrx_word' id='word_1_304' title='bbox 270 2665 335 2695; x_wconf 79' lang='lat' dir='ltr'>and</span> <span class='ocrx_word' id='word_1_305' title='bbox 354 2665 454 2705; x_wconf 83' lang='lat' dir='ltr'>being</span> <span class='ocrx_word' id='word_1_306' title='bbox 470 2665 504 2695; x_wconf 91' lang='lat' dir='ltr'>in</span> <span class='ocrx_word' id='word_1_307' title='bbox 524 2665 663 2705; x_wconf 81' lang='lat' dir='ltr'>Dalker,</span> <span class='ocrx_word' id='word_1_308' title='bbox 679 2666 857 2698; x_wconf 79' lang='lat' dir='ltr'>otherwise</span> <span class='ocrx_word' id='word_1_309' title='bbox 875 2667 1005 2699; x_wconf 82' lang='lat' dir='ltr'>Dalker</span> <span class='ocrx_word' id='word_1_310' title='bbox 1024 2669 1209 2701; x_wconf 75' lang='lat' dir='ltr'>Meadow.&#39;&#39;</span> 
     </span>
    </p>
   </div>
  </div>
 </body>
</html>
