<?xml version="1.0" encoding="UTF-8"?>
<!DOCTYPE html PUBLIC "-//W3C//DTD XHTML 1.0 Transitional//EN"
    "http://www.w3.org/TR/xhtml1/DTD/xhtml1-transitional.dtd">
<html xmlns="http://www.w3.org/1999/xhtml" xml:lang="en" lang="en">
 <head>
  <title>
</title>
<meta http-equiv="Content-Type" content="text/html;charset=utf-8" />
  <meta name='ocr-system' content='tesseract 3.04.00' />
  <meta name='ocr-capabilities' content='ocr_page ocr_carea ocr_par ocr_line ocrx_word'/>
</head>
<body>
  <div class='ocr_page' id='page_1' title='image "./warringtoninmccc00beamrich_0192.png"; bbox 0 0 1991 2916; ppageno 0'>
   <div class='ocr_carea' id='block_1_1' title="bbox 207 194 1539 242">
    <p class='ocr_par' dir='ltr' id='par_1_1' title="bbox 207 194 1539 242">
     <span class='ocr_line' id='line_1_1' title="bbox 207 194 1539 242; baseline 0.008 -11"><span class='ocrx_word' id='word_1_1' title='bbox 207 194 263 231; x_wconf 66' lang='grc'><strong>9-1·</strong></span> <span class='ocrx_word' id='word_1_2' title='bbox 476 209 528 234; x_wconf 76' lang='grc' dir='ltr'>ΠΕ</span> <span class='ocrx_word' id='word_1_3' title='bbox 556 209 829 237; x_wconf 76' lang='lat' dir='ltr'>REDDITIBUS</span> <span class='ocrx_word' id='word_1_4' title='bbox 853 212 1150 239; x_wconf 82' lang='lat' dir='ltr'>CAPITALIBUS</span> <span class='ocrx_word' id='word_1_5' title='bbox 1175 214 1221 239; x_wconf 89' lang='lat' dir='ltr'>IN</span> <span class='ocrx_word' id='word_1_6' title='bbox 1248 214 1539 242; x_wconf 73' lang='lat' dir='ltr'>WERYNGTON.</span> 
     </span>
    </p>
   </div>
   <div class='ocr_carea' id='block_1_2' title="bbox 198 315 1811 1813">
    <p class='ocr_par' dir='ltr' id='par_1_2' title="bbox 205 315 1811 579">
     <span class='ocr_line' id='line_1_2' title="bbox 206 315 1808 379; baseline 0.007 -25"><span class='ocrx_word' id='word_1_7' title='bbox 206 315 416 357; x_wconf 65' lang='lat' dir='ltr'>,Iohannis</span> <span class='ocrx_word' id='word_1_8' title='bbox 440 318 563 373; x_wconf 85' lang='lat' dir='ltr'>Roby</span> <span class='ocrx_word' id='word_1_9' title='bbox 585 333 635 360; x_wconf 84' lang='lat' dir='ltr'>ex</span> <span class='ocrx_word' id='word_1_10' title='bbox 658 325 776 373; x_wconf 85' lang='lat' dir='ltr'>parte</span> <span class='ocrx_word' id='word_1_11' title='bbox 798 321 994 362; x_wconf 79' lang='lat' dir='ltr'>orientali</span> <span class='ocrx_word' id='word_1_12' title='bbox 1019 327 1061 362; x_wconf 89' lang='lat' dir='ltr'>et</span> <span class='ocrx_word' id='word_1_13' title='bbox 1086 322 1132 362; x_wconf 92' lang='lat' dir='ltr'>in</span> <span class='ocrx_word' id='word_1_14' title='bbox 1158 323 1386 364; x_wconf 87' lang='lat' dir='ltr'>latitudine</span> <span class='ocrx_word' id='word_1_15' title='bbox 1408 324 1521 365; x_wconf 89' lang='lat' dir='ltr'>inter</span> <span class='ocrx_word' id='word_1_16' title='bbox 1542 325 1682 365; x_wconf 89' lang='lat' dir='ltr'>vicum</span> <span class='ocrx_word' id='word_1_17' title='bbox 1704 340 1808 379; x_wconf 71' lang='lat' dir='ltr'>prae-</span> 
     </span>
     <span class='ocr_line' id='line_1_3' title="bbox 207 382 1810 445; baseline 0.008 -23"><span class='ocrx_word' id='word_1_18' title='bbox 207 382 369 424; x_wconf 88' lang='lat' dir='ltr'>dictum</span> <span class='ocrx_word' id='word_1_19' title='bbox 396 386 455 426; x_wconf 89' lang='lat' dir='ltr'>sic</span> <span class='ocrx_word' id='word_1_20' title='bbox 489 387 717 429; x_wconf 88' lang='lat' dir='ltr'>ducentem</span> <span class='ocrx_word' id='word_1_21' title='bbox 745 394 793 429; x_wconf 89' lang='lat' dir='ltr'>ut</span> <span class='ocrx_word' id='word_1_22' title='bbox 826 390 1116 443; x_wconf 84' lang='lat' dir='ltr'>praescribitur</span> <span class='ocrx_word' id='word_1_23' title='bbox 1148 405 1197 431; x_wconf 83' lang='lat' dir='ltr'>ex</span> <span class='ocrx_word' id='word_1_24' title='bbox 1232 397 1351 445; x_wconf 89' lang='lat' dir='ltr'>parte</span> <span class='ocrx_word' id='word_1_25' title='bbox 1384 392 1544 433; x_wconf 89' lang='lat' dir='ltr'>boreali</span> <span class='ocrx_word' id='word_1_26' title='bbox 1577 399 1619 433; x_wconf 87' lang='lat' dir='ltr'>et</span> <span class='ocrx_word' id='word_1_27' title='bbox 1651 399 1810 435; x_wconf 82' lang='lat' dir='ltr'>terrani</span> 
     </span>
     <span class='ocr_line' id='line_1_4' title="bbox 206 452 1811 513; baseline 0.006 -21"><span class='ocrx_word' id='word_1_28' title='bbox 206 452 423 507; x_wconf 88' lang='lat' dir='ltr'>Ranulphi</span> <span class='ocrx_word' id='word_1_29' title='bbox 445 455 495 496; x_wconf 90' lang='lat' dir='ltr'>de</span> <span class='ocrx_word' id='word_1_30' title='bbox 519 457 679 498; x_wconf 82' lang='lat' dir='ltr'>Rixton</span> <span class='ocrx_word' id='word_1_31' title='bbox 700 472 751 498; x_wconf 85' lang='lat' dir='ltr'>ex</span> <span class='ocrx_word' id='word_1_32' title='bbox 778 464 898 512; x_wconf 89' lang='lat' dir='ltr'>parte</span> <span class='ocrx_word' id='word_1_33' title='bbox 926 459 1114 510; x_wconf 78' lang='lat' dir='ltr'>australi,</span> <span class='ocrx_word' id='word_1_34' title='bbox 1148 474 1241 513; x_wconf 84' lang='lat' dir='ltr'>quae</span> <span class='ocrx_word' id='word_1_35' title='bbox 1261 460 1448 501; x_wconf 83' lang='lat' dir='ltr'>reddunt</span> <span class='ocrx_word' id='word_1_36' title='bbox 1471 461 1586 502; x_wconf 89' lang='lat' dir='ltr'>dicto</span> <span class='ocrx_word' id='word_1_37' title='bbox 1608 462 1736 502; x_wconf 88' lang='lat' dir='ltr'>Petro</span> <span class='ocrx_word' id='word_1_38' title='bbox 1759 462 1811 503; x_wconf 90' lang='lat' dir='ltr'>de</span> 
     </span>
     <span class='ocr_line' id='line_1_5' title="bbox 205 522 1172 579; baseline 0.008 -19"><span class='ocrx_word' id='word_1_39' title='bbox 205 522 375 574; x_wconf 90' lang='lat' dir='ltr'>capitali</span> <span class='ocrx_word' id='word_1_40' title='bbox 396 524 567 565; x_wconf 84' lang='lat' dir='ltr'>redditu</span> <span class='ocrx_word' id='word_1_41' title='bbox 588 541 663 579; x_wconf 89' lang='lat' dir='ltr'>per</span> <span class='ocrx_word' id='word_1_42' title='bbox 685 541 846 567; x_wconf 89' lang='lat' dir='ltr'>annum</span> <span class='ocrx_word' id='word_1_43' title='bbox 869 541 940 567; x_wconf 83' lang='lat' dir='ltr'>sex</span> <span class='ocrx_word' id='word_1_44' title='bbox 963 527 1172 569; x_wconf 88' lang='lat' dir='ltr'>denarios.</span> 
     </span>
    </p>

    <p class='ocr_par' dir='ltr' id='par_1_3' title="bbox 198 591 1811 1813">
     <span class='ocr_line' id='line_1_6' title="bbox 264 591 1811 652; baseline 0.005 -22"><span class='ocrx_word' id='word_1_45' title='bbox 264 591 376 631; x_wconf 85' lang='lat' dir='ltr'>Item</span> <span class='ocrx_word' id='word_1_46' title='bbox 400 592 539 633; x_wconf 88' lang='lat' dir='ltr'>dictus</span> <span class='ocrx_word' id='word_1_47' title='bbox 564 595 778 636; x_wconf 88' lang='lat' dir='ltr'>Henricus</span> <span class='ocrx_word' id='word_1_48' title='bbox 811 596 958 637; x_wconf 83' lang='lat' dir='ltr'>Birom</span> <span class='ocrx_word' id='word_1_49' title='bbox 989 602 1109 638; x_wconf 91' lang='lat' dir='ltr'>tenet</span> <span class='ocrx_word' id='word_1_50' title='bbox 1141 597 1192 638; x_wconf 89' lang='lat' dir='ltr'>de</span> <span class='ocrx_word' id='word_1_51' title='bbox 1224 597 1338 638; x_wconf 86' lang='lat' dir='ltr'>dicto</span> <span class='ocrx_word' id='word_1_52' title='bbox 1361 598 1488 638; x_wconf 87' lang='lat' dir='ltr'>Petro</span> <span class='ocrx_word' id='word_1_53' title='bbox 1509 598 1553 638; x_wconf 91' lang='lat' dir='ltr'>in</span> <span class='ocrx_word' id='word_1_54' title='bbox 1577 598 1715 652; x_wconf 89' lang='lat' dir='ltr'>capite</span> <span class='ocrx_word' id='word_1_55' title='bbox 1736 612 1811 652; x_wconf 90' lang='lat' dir='ltr'>per</span> 
     </span>
     <span class='ocr_line' id='line_1_7' title="bbox 205 658 1810 721; baseline 0.006 -23"><span class='ocrx_word' id='word_1_56' title='bbox 205 658 368 700; x_wconf 88' lang='lat' dir='ltr'>dictum</span> <span class='ocrx_word' id='word_1_57' title='bbox 391 662 610 703; x_wconf 88' lang='lat' dir='ltr'>servitium</span> <span class='ocrx_word' id='word_1_58' title='bbox 631 679 767 704; x_wconf 87' lang='lat' dir='ltr'>unum</span> <span class='ocrx_word' id='word_1_59' title='bbox 788 666 1081 719; x_wconf 85' lang='lat' dir='ltr'>messuagium</span> <span class='ocrx_word' id='word_1_60' title='bbox 1113 680 1211 706; x_wconf 88' lang='lat' dir='ltr'>cum</span> <span class='ocrx_word' id='word_1_61' title='bbox 1244 671 1337 707; x_wconf 84' lang='lat' dir='ltr'>orto</span> <span class='ocrx_word' id='word_1_62' title='bbox 1359 666 1496 707; x_wconf 89' lang='lat' dir='ltr'>eidem</span> <span class='ocrx_word' id='word_1_63' title='bbox 1520 666 1742 721; x_wconf 84' lang='lat' dir='ltr'>adjacente</span> <span class='ocrx_word' id='word_1_64' title='bbox 1764 667 1810 707; x_wconf 91' lang='lat' dir='ltr'>in</span> 
     </span>
     <span class='ocr_line' id='line_1_8' title="bbox 205 728 1808 789; baseline 0.005 -22"><span class='ocrx_word' id='word_1_65' title='bbox 205 728 296 768; x_wconf 84' lang='lat' dir='ltr'>vico</span> <span class='ocrx_word' id='word_1_66' title='bbox 318 729 369 769; x_wconf 88' lang='lat' dir='ltr'>de</span> <span class='ocrx_word' id='word_1_67' title='bbox 393 730 676 784; x_wconf 80' lang='lat' dir='ltr'>Kyrkestrete</span> <span class='ocrx_word' id='word_1_68' title='bbox 699 747 796 773; x_wconf 91' lang='lat' dir='ltr'>cum</span> <span class='ocrx_word' id='word_1_69' title='bbox 817 748 903 774; x_wconf 89' lang='lat' dir='ltr'>una</span> <span class='ocrx_word' id='word_1_70' title='bbox 925 748 1020 774; x_wconf 87' lang='lat' dir='ltr'>acra</span> <span class='ocrx_word' id='word_1_71' title='bbox 1045 740 1169 776; x_wconf 81' lang='lat' dir='ltr'>terrae</span> <span class='ocrx_word' id='word_1_72' title='bbox 1191 735 1360 775; x_wconf 88' lang='lat' dir='ltr'>arabilis</span> <span class='ocrx_word' id='word_1_73' title='bbox 1377 736 1548 789; x_wconf 83' lang='lat' dir='ltr'>jacente</span> <span class='ocrx_word' id='word_1_74' title='bbox 1569 736 1614 775; x_wconf 89' lang='lat' dir='ltr'>in</span> <span class='ocrx_word' id='word_1_75' title='bbox 1638 736 1808 789; x_wconf 85' lang='lat' dir='ltr'>Hollay,</span> 
     </span>
     <span class='ocr_line' id='line_1_9' title="bbox 203 797 1806 857; baseline 0.006 -22"><span class='ocrx_word' id='word_1_76' title='bbox 203 797 315 849; x_wconf 87' lang='lat' dir='ltr'>quod</span> <span class='ocrx_word' id='word_1_77' title='bbox 333 798 502 851; x_wconf 88' lang='lat' dir='ltr'>quidem</span> <span class='ocrx_word' id='word_1_78' title='bbox 519 802 807 854; x_wconf 76' lang='lat' dir='ltr'>niessuagium</span> <span class='ocrx_word' id='word_1_79' title='bbox 823 817 921 843; x_wconf 90' lang='lat' dir='ltr'>cum</span> <span class='ocrx_word' id='word_1_80' title='bbox 938 807 1031 843; x_wconf 88' lang='lat' dir='ltr'>orto</span> <span class='ocrx_word' id='word_1_81' title='bbox 1048 804 1193 857; x_wconf 84' lang='lat' dir='ltr'>jacent</span> <span class='ocrx_word' id='word_1_82' title='bbox 1214 803 1260 843; x_wconf 91' lang='lat' dir='ltr'>in</span> <span class='ocrx_word' id='word_1_83' title='bbox 1280 803 1552 856; x_wconf 76' lang='lat' dir='ltr'>longitudine</span> <span class='ocrx_word' id='word_1_84' title='bbox 1570 803 1674 843; x_wconf 88' lang='lat' dir='ltr'>dicti</span> <span class='ocrx_word' id='word_1_85' title='bbox 1695 818 1806 844; x_wconf 90' lang='lat' dir='ltr'>mes-</span> 
     </span>
     <span class='ocr_line' id='line_1_10' title="bbox 204 865 1809 924; baseline 0.005 -20"><span class='ocrx_word' id='word_1_86' title='bbox 204 865 339 918; x_wconf 82' lang='lat' dir='ltr'>suagii</span> <span class='ocrx_word' id='word_1_87' title='bbox 357 871 399 906; x_wconf 88' lang='lat' dir='ltr'>et</span> <span class='ocrx_word' id='word_1_88' title='bbox 420 867 464 906; x_wconf 89' lang='lat' dir='ltr'>in</span> <span class='ocrx_word' id='word_1_89' title='bbox 482 867 708 908; x_wconf 89' lang='lat' dir='ltr'>latitudine</span> <span class='ocrx_word' id='word_1_90' title='bbox 726 869 829 909; x_wconf 89' lang='lat' dir='ltr'>dicti</span> <span class='ocrx_word' id='word_1_91' title='bbox 845 871 928 910; x_wconf 88' lang='lat' dir='ltr'>orti</span> <span class='ocrx_word' id='word_1_92' title='bbox 944 871 1058 911; x_wconf 88' lang='lat' dir='ltr'>inter</span> <span class='ocrx_word' id='word_1_93' title='bbox 1073 871 1364 924; x_wconf 87' lang='lat' dir='ltr'>messuagium</span> <span class='ocrx_word' id='word_1_94' title='bbox 1387 871 1611 911; x_wconf 89' lang='lat' dir='ltr'>Willielmi</span> <span class='ocrx_word' id='word_1_95' title='bbox 1629 872 1809 913; x_wconf 84' lang='lat' dir='ltr'>Botiller</span> 
     </span>
     <span class='ocr_line' id='line_1_11' title="bbox 201 934 1806 993; baseline 0.006 -20"><span class='ocrx_word' id='word_1_96' title='bbox 201 934 246 973; x_wconf 88' lang='lat' dir='ltr'>in</span> <span class='ocrx_word' id='word_1_97' title='bbox 263 940 415 975; x_wconf 87' lang='lat' dir='ltr'>tenura</span> <span class='ocrx_word' id='word_1_98' title='bbox 433 936 610 976; x_wconf 89' lang='lat' dir='ltr'>Henrici</span> <span class='ocrx_word' id='word_1_99' title='bbox 628 938 795 978; x_wconf 85' lang='lat' dir='ltr'>Munke</span> <span class='ocrx_word' id='word_1_100' title='bbox 812 952 860 979; x_wconf 82' lang='lat' dir='ltr'>ex</span> <span class='ocrx_word' id='word_1_101' title='bbox 878 944 998 992; x_wconf 87' lang='lat' dir='ltr'>parte</span> <span class='ocrx_word' id='word_1_102' title='bbox 1015 940 1269 980; x_wconf 86' lang='lat' dir='ltr'>occidentali</span> <span class='ocrx_word' id='word_1_103' title='bbox 1290 945 1332 979; x_wconf 85' lang='lat' dir='ltr'>et</span> <span class='ocrx_word' id='word_1_104' title='bbox 1353 939 1609 993; x_wconf 81' lang='lat' dir='ltr'>burgagium</span> <span class='ocrx_word' id='word_1_105' title='bbox 1626 955 1806 982; x_wconf 86' lang='lat' dir='ltr'>vacuum</span> 
     </span>
     <span class='ocr_line' id='line_1_12' title="bbox 203 1002 1808 1063; baseline 0.006 -22"><span class='ocrx_word' id='word_1_106' title='bbox 203 1002 412 1042; x_wconf 88' lang='lat' dir='ltr'>Johannis</span> <span class='ocrx_word' id='word_1_107' title='bbox 447 1004 623 1044; x_wconf 86' lang='lat' dir='ltr'>Norreis</span> <span class='ocrx_word' id='word_1_108' title='bbox 660 1019 710 1045; x_wconf 84' lang='lat' dir='ltr'>ex</span> <span class='ocrx_word' id='word_1_109' title='bbox 746 1011 865 1058; x_wconf 88' lang='lat' dir='ltr'>parte</span> <span class='ocrx_word' id='word_1_110' title='bbox 901 1007 1099 1048; x_wconf 80' lang='lat' dir='ltr'>orientali</span> <span class='ocrx_word' id='word_1_111' title='bbox 1127 1014 1169 1048; x_wconf 90' lang='lat' dir='ltr'>et</span> <span class='ocrx_word' id='word_1_112' title='bbox 1198 1008 1435 1049; x_wconf 79' lang='lat' dir='ltr'>extendunt</span> <span class='ocrx_word' id='word_1_113' title='bbox 1463 1009 1509 1049; x_wconf 90' lang='lat' dir='ltr'>in</span> <span class='ocrx_word' id='word_1_114' title='bbox 1538 1009 1808 1063; x_wconf 74' lang='lat' dir='ltr'>longitudine</span> 
     </span>
     <span class='ocr_line' id='line_1_13' title="bbox 202 1070 1808 1131; baseline 0.006 -21"><span class='ocrx_word' id='word_1_115' title='bbox 202 1070 305 1111; x_wconf 87' lang='lat' dir='ltr'>dicti</span> <span class='ocrx_word' id='word_1_116' title='bbox 326 1071 409 1112; x_wconf 88' lang='lat' dir='ltr'>orti</span> <span class='ocrx_word' id='word_1_117' title='bbox 437 1077 479 1112; x_wconf 87' lang='lat' dir='ltr'>et</span> <span class='ocrx_word' id='word_1_118' title='bbox 506 1073 551 1112; x_wconf 88' lang='lat' dir='ltr'>in</span> <span class='ocrx_word' id='word_1_119' title='bbox 577 1073 806 1115; x_wconf 87' lang='lat' dir='ltr'>latitudine</span> <span class='ocrx_word' id='word_1_120' title='bbox 837 1076 1030 1129; x_wconf 79' lang='lat' dir='ltr'>praedicti</span> <span class='ocrx_word' id='word_1_121' title='bbox 1061 1077 1291 1131; x_wconf 85' lang='lat' dir='ltr'>messuagii</span> <span class='ocrx_word' id='word_1_122' title='bbox 1323 1092 1347 1117; x_wconf 89' lang='lat' dir='ltr'>a</span> <span class='ocrx_word' id='word_1_123' title='bbox 1376 1078 1580 1131; x_wconf 76' lang='lat' dir='ltr'>praedicto</span> <span class='ocrx_word' id='word_1_124' title='bbox 1603 1084 1735 1119; x_wconf 91' lang='lat' dir='ltr'>strata</span> <span class='ocrx_word' id='word_1_125' title='bbox 1756 1079 1808 1121; x_wconf 86' lang='lat' dir='ltr'>de</span> 
     </span>
     <span class='ocr_line' id='line_1_14' title="bbox 202 1137 1806 1197; baseline 0.006 -21"><span class='ocrx_word' id='word_1_126' title='bbox 202 1137 485 1190; x_wconf 83' lang='lat' dir='ltr'>Kyrkestrete</span> <span class='ocrx_word' id='word_1_127' title='bbox 507 1152 556 1178; x_wconf 85' lang='lat' dir='ltr'>ex</span> <span class='ocrx_word' id='word_1_128' title='bbox 578 1144 697 1192; x_wconf 88' lang='lat' dir='ltr'>parte</span> <span class='ocrx_word' id='word_1_129' title='bbox 720 1141 895 1181; x_wconf 79' lang='lat' dir='ltr'>australi</span> <span class='ocrx_word' id='word_1_130' title='bbox 917 1156 1050 1195; x_wconf 89' lang='lat' dir='ltr'>usque</span> <span class='ocrx_word' id='word_1_131' title='bbox 1073 1143 1126 1182; x_wconf 87' lang='lat' dir='ltr'>ad</span> <span class='ocrx_word' id='word_1_132' title='bbox 1155 1143 1368 1196; x_wconf 81' lang='lat' dir='ltr'>quoddam</span> <span class='ocrx_word' id='word_1_133' title='bbox 1391 1144 1617 1197; x_wconf 80' lang='lat' dir='ltr'>gardinum</span> <span class='ocrx_word' id='word_1_134' title='bbox 1640 1145 1806 1185; x_wconf 86' lang='lat' dir='ltr'>abbatis</span> 
     </span>
     <span class='ocr_line' id='line_1_15' title="bbox 201 1208 1806 1267; baseline 0.006 -22"><span class='ocrx_word' id='word_1_135' title='bbox 201 1210 243 1245; x_wconf 87' lang='lat' dir='ltr'>et</span> <span class='ocrx_word' id='word_1_136' title='bbox 265 1212 498 1247; x_wconf 87' lang='lat' dir='ltr'>conventus</span> <span class='ocrx_word' id='word_1_137' title='bbox 522 1208 573 1248; x_wconf 88' lang='lat' dir='ltr'>de</span> <span class='ocrx_word' id='word_1_138' title='bbox 593 1209 800 1264; x_wconf 77' lang='lat' dir='ltr'>Qwallay1</span> <span class='ocrx_word' id='word_1_139' title='bbox 830 1224 880 1250; x_wconf 82' lang='lat' dir='ltr'>ex</span> <span class='ocrx_word' id='word_1_140' title='bbox 907 1217 1026 1264; x_wconf 88' lang='lat' dir='ltr'>parte</span> <span class='ocrx_word' id='word_1_141' title='bbox 1060 1211 1232 1262; x_wconf 88' lang='lat' dir='ltr'>boreali,</span> <span class='ocrx_word' id='word_1_142' title='bbox 1267 1227 1359 1265; x_wconf 84' lang='lat' dir='ltr'>quae</span> <span class='ocrx_word' id='word_1_143' title='bbox 1382 1213 1554 1266; x_wconf 85' lang='lat' dir='ltr'>quidem</span> <span class='ocrx_word' id='word_1_144' title='bbox 1578 1227 1674 1254; x_wconf 84' lang='lat' dir='ltr'>acra</span> <span class='ocrx_word' id='word_1_145' title='bbox 1690 1214 1806 1267; x_wconf 85' lang='lat' dir='ltr'>jacet</span> 
     </span>
     <span class='ocr_line' id='line_1_16' title="bbox 200 1275 1805 1336; baseline 0.004 -22"><span class='ocrx_word' id='word_1_146' title='bbox 200 1275 245 1315; x_wconf 90' lang='lat' dir='ltr'>in</span> <span class='ocrx_word' id='word_1_147' title='bbox 267 1275 431 1316; x_wconf 86' lang='lat' dir='ltr'>duabus</span> <span class='ocrx_word' id='word_1_148' title='bbox 452 1277 644 1330; x_wconf 88' lang='lat' dir='ltr'>partibus</span> <span class='ocrx_word' id='word_1_149' title='bbox 666 1278 712 1318; x_wconf 91' lang='lat' dir='ltr'>in</span> <span class='ocrx_word' id='word_1_150' title='bbox 729 1279 844 1320; x_wconf 83' lang='lat' dir='ltr'>(licto</span> <span class='ocrx_word' id='word_1_151' title='bbox 861 1294 1009 1333; x_wconf 87' lang='lat' dir='ltr'>eampo</span> <span class='ocrx_word' id='word_1_152' title='bbox 1027 1280 1079 1322; x_wconf 92' lang='lat' dir='ltr'>de</span> <span class='ocrx_word' id='word_1_153' title='bbox 1098 1281 1256 1335; x_wconf 82' lang='lat' dir='ltr'>Hollay</span> <span class='ocrx_word' id='word_1_154' title='bbox 1273 1295 1453 1334; x_wconf 87' lang='lat' dir='ltr'>quarum</span> <span class='ocrx_word' id='word_1_155' title='bbox 1469 1296 1556 1322; x_wconf 88' lang='lat' dir='ltr'>una</span> <span class='ocrx_word' id='word_1_156' title='bbox 1575 1296 1672 1335; x_wconf 88' lang='lat' dir='ltr'>pars</span> <span class='ocrx_word' id='word_1_157' title='bbox 1689 1283 1805 1336; x_wconf 81' lang='lat' dir='ltr'>jacet</span> 
     </span>
     <span class='ocr_line' id='line_1_17' title="bbox 199 1343 1806 1403; baseline 0.004 -20"><span class='ocrx_word' id='word_1_158' title='bbox 199 1343 245 1384; x_wconf 90' lang='lat' dir='ltr'>in</span> <span class='ocrx_word' id='word_1_159' title='bbox 265 1344 493 1386; x_wconf 88' lang='lat' dir='ltr'>latitudine</span> <span class='ocrx_word' id='word_1_160' title='bbox 523 1346 636 1387; x_wconf 91' lang='lat' dir='ltr'>inter</span> <span class='ocrx_word' id='word_1_161' title='bbox 666 1352 824 1388; x_wconf 85' lang='lat' dir='ltr'>terram</span> <span class='ocrx_word' id='word_1_162' title='bbox 858 1349 1037 1389; x_wconf 88' lang='lat' dir='ltr'>Henrici</span> <span class='ocrx_word' id='word_1_163' title='bbox 1061 1351 1224 1391; x_wconf 84' lang='lat' dir='ltr'>Garnet</span> <span class='ocrx_word' id='word_1_164' title='bbox 1246 1364 1296 1390; x_wconf 81' lang='lat' dir='ltr'>ex</span> <span class='ocrx_word' id='word_1_165' title='bbox 1318 1355 1437 1403; x_wconf 88' lang='lat' dir='ltr'>parte</span> <span class='ocrx_word' id='word_1_166' title='bbox 1460 1351 1636 1390; x_wconf 76' lang='lat' dir='ltr'>australi</span> <span class='ocrx_word' id='word_1_167' title='bbox 1657 1355 1699 1390; x_wconf 91' lang='lat' dir='ltr'>et</span> <span class='ocrx_word' id='word_1_168' title='bbox 1720 1355 1806 1390; x_wconf 90' lang='lat' dir='ltr'>ter-</span> 
     </span>
     <span class='ocr_line' id='line_1_18' title="bbox 199 1414 1805 1472; baseline 0.004 -19"><span class='ocrx_word' id='word_1_169' title='bbox 199 1427 291 1453; x_wconf 88' lang='lat' dir='ltr'>ram</span> <span class='ocrx_word' id='word_1_170' title='bbox 313 1414 464 1455; x_wconf 76' lang='lat' dir='ltr'>Mariae</span> <span class='ocrx_word' id='word_1_171' title='bbox 484 1430 620 1469; x_wconf 84' lang='lat' dir='ltr'>nuper</span> <span class='ocrx_word' id='word_1_172' title='bbox 647 1417 789 1457; x_wconf 86' lang='lat' dir='ltr'>uxoris</span> <span class='ocrx_word' id='word_1_173' title='bbox 814 1418 1025 1459; x_wconf 88' lang='lat' dir='ltr'>Hamonis</span> <span class='ocrx_word' id='word_1_174' title='bbox 1056 1418 1095 1458; x_wconf 93' lang='lat' dir='ltr'>le</span> <span class='ocrx_word' id='word_1_175' title='bbox 1126 1418 1346 1459; x_wconf 89' lang='lat' dir='ltr'>Assheton</span> <span class='ocrx_word' id='word_1_176' title='bbox 1368 1433 1415 1459; x_wconf 82' lang='lat' dir='ltr'>ex</span> <span class='ocrx_word' id='word_1_177' title='bbox 1439 1423 1560 1472; x_wconf 85' lang='lat' dir='ltr'>parte</span> <span class='ocrx_word' id='word_1_178' title='bbox 1580 1418 1741 1459; x_wconf 87' lang='lat' dir='ltr'>boreali</span> <span class='ocrx_word' id='word_1_179' title='bbox 1762 1424 1805 1459; x_wconf 89' lang='lat' dir='ltr'>et</span> 
     </span>
     <span class='ocr_line' id='line_1_19' title="bbox 199 1483 1805 1541; baseline 0.004 -20"><span class='ocrx_word' id='word_1_180' title='bbox 199 1483 390 1522; x_wconf 82' lang='lat' dir='ltr'>extendit</span> <span class='ocrx_word' id='word_1_181' title='bbox 411 1483 456 1523; x_wconf 88' lang='lat' dir='ltr'>in</span> <span class='ocrx_word' id='word_1_182' title='bbox 477 1483 746 1538; x_wconf 83' lang='lat' dir='ltr'>longitudine</span> <span class='ocrx_word' id='word_1_183' title='bbox 764 1500 787 1525; x_wconf 90' lang='lat' dir='ltr'>a</span> <span class='ocrx_word' id='word_1_184' title='bbox 802 1491 917 1526; x_wconf 88' lang='lat' dir='ltr'>terra</span> <span class='ocrx_word' id='word_1_185' title='bbox 938 1487 963 1526; x_wconf 82' lang='lat' dir='ltr'><strong>J</strong></span> <span class='ocrx_word' id='word_1_186' title='bbox 968 1487 1150 1527; x_wconf 88' lang='lat' dir='ltr'>ohannis</span> <span class='ocrx_word' id='word_1_187' title='bbox 1168 1487 1315 1528; x_wconf 87' lang='lat' dir='ltr'>Birom</span> <span class='ocrx_word' id='word_1_188' title='bbox 1337 1502 1388 1528; x_wconf 84' lang='lat' dir='ltr'>ex</span> <span class='ocrx_word' id='word_1_189' title='bbox 1408 1493 1529 1541; x_wconf 89' lang='lat' dir='ltr'>parte</span> <span class='ocrx_word' id='word_1_190' title='bbox 1551 1487 1805 1528; x_wconf 87' lang='lat' dir='ltr'>occidentali</span> 
     </span>
     <span class='ocr_line' id='line_1_20' title="bbox 198 1551 1804 1610; baseline 0.004 -20"><span class='ocrx_word' id='word_1_191' title='bbox 198 1565 332 1604; x_wconf 78' lang='lat' dir='ltr'>usque</span> <span class='ocrx_word' id='word_1_192' title='bbox 354 1551 406 1591; x_wconf 91' lang='lat' dir='ltr'>ad</span> <span class='ocrx_word' id='word_1_193' title='bbox 429 1567 580 1605; x_wconf 88' lang='lat' dir='ltr'>aquam</span> <span class='ocrx_word' id='word_1_194' title='bbox 608 1553 659 1594; x_wconf 91' lang='lat' dir='ltr'>de</span> <span class='ocrx_word' id='word_1_195' title='bbox 687 1555 857 1595; x_wconf 87' lang='lat' dir='ltr'>Mersee</span> <span class='ocrx_word' id='word_1_196' title='bbox 893 1569 941 1595; x_wconf 81' lang='lat' dir='ltr'>ex</span> <span class='ocrx_word' id='word_1_197' title='bbox 979 1561 1098 1609; x_wconf 89' lang='lat' dir='ltr'>parte</span> <span class='ocrx_word' id='word_1_198' title='bbox 1118 1556 1327 1606; x_wconf 85' lang='lat' dir='ltr'>orientali,</span> <span class='ocrx_word' id='word_1_199' title='bbox 1356 1561 1398 1596; x_wconf 90' lang='lat' dir='ltr'>et</span> <span class='ocrx_word' id='word_1_200' title='bbox 1428 1557 1561 1596; x_wconf 90' lang='lat' dir='ltr'>altera</span> <span class='ocrx_word' id='word_1_201' title='bbox 1580 1571 1677 1610; x_wconf 87' lang='lat' dir='ltr'>pars</span> <span class='ocrx_word' id='word_1_202' title='bbox 1699 1571 1804 1609; x_wconf 76' lang='lat' dir='ltr'>prae-</span> 
     </span>
     <span class='ocr_line' id='line_1_21' title="bbox 200 1620 1804 1678; baseline 0.004 -19"><span class='ocrx_word' id='word_1_203' title='bbox 200 1620 323 1660; x_wconf 83' lang='lat' dir='ltr'>dictae</span> <span class='ocrx_word' id='word_1_204' title='bbox 345 1635 451 1661; x_wconf 83' lang='lat' dir='ltr'>acrae</span> <span class='ocrx_word' id='word_1_205' title='bbox 467 1623 580 1675; x_wconf 85' lang='lat' dir='ltr'>jacet</span> <span class='ocrx_word' id='word_1_206' title='bbox 597 1623 721 1675; x_wconf 85' lang='lat' dir='ltr'>juxta</span> <span class='ocrx_word' id='word_1_207' title='bbox 737 1624 984 1676; x_wconf 71' lang='lat' dir='ltr'>praedictam</span> <span class='ocrx_word' id='word_1_208' title='bbox 1001 1625 1228 1678; x_wconf 87' lang='lat' dir='ltr'>parcellam</span> <span class='ocrx_word' id='word_1_209' title='bbox 1250 1625 1364 1665; x_wconf 90' lang='lat' dir='ltr'>inter</span> <span class='ocrx_word' id='word_1_210' title='bbox 1380 1630 1538 1665; x_wconf 88' lang='lat' dir='ltr'>terram</span> <span class='ocrx_word' id='word_1_211' title='bbox 1561 1626 1664 1665; x_wconf 90' lang='lat' dir='ltr'>dicti</span> <span class='ocrx_word' id='word_1_212' title='bbox 1686 1625 1804 1666; x_wconf 88' lang='lat' dir='ltr'>Petri</span> 
     </span>
     <span class='ocr_line' id='line_1_22' title="bbox 200 1689 1804 1746; baseline 0.004 -18"><span class='ocrx_word' id='word_1_213' title='bbox 200 1689 320 1742; x_wconf 86' lang='lat' dir='ltr'>Legh</span> <span class='ocrx_word' id='word_1_214' title='bbox 354 1689 501 1729; x_wconf 87' lang='lat' dir='ltr'>militis</span> <span class='ocrx_word' id='word_1_215' title='bbox 535 1696 577 1730; x_wconf 92' lang='lat' dir='ltr'>et</span> <span class='ocrx_word' id='word_1_216' title='bbox 610 1696 768 1730; x_wconf 88' lang='lat' dir='ltr'>terram</span> <span class='ocrx_word' id='word_1_217' title='bbox 803 1692 828 1731; x_wconf 82' lang='lat' dir='ltr'>J</span> <span class='ocrx_word' id='word_1_218' title='bbox 833 1692 1014 1732; x_wconf 88' lang='lat' dir='ltr'>ohannis</span> <span class='ocrx_word' id='word_1_219' title='bbox 1042 1693 1217 1743; x_wconf 76' lang='lat' dir='ltr'>Norres,</span> <span class='ocrx_word' id='word_1_220' title='bbox 1248 1708 1341 1746; x_wconf 80' lang='lat' dir='ltr'>quae</span> <span class='ocrx_word' id='word_1_221' title='bbox 1366 1693 1507 1733; x_wconf 83' lang='lat' dir='ltr'>reddit</span> <span class='ocrx_word' id='word_1_222' title='bbox 1534 1693 1648 1734; x_wconf 91' lang='lat' dir='ltr'>dicto</span> <span class='ocrx_word' id='word_1_223' title='bbox 1677 1694 1804 1734; x_wconf 84' lang='lat' dir='ltr'>Petro</span> 
     </span>
     <span class='ocr_line' id='line_1_23' title="bbox 198 1759 1388 1813; baseline 0.003 -16"><span class='ocrx_word' id='word_1_224' title='bbox 198 1772 272 1810; x_wconf 89' lang='lat' dir='ltr'>per</span> <span class='ocrx_word' id='word_1_225' title='bbox 293 1773 453 1798; x_wconf 85' lang='lat' dir='ltr'>annum</span> <span class='ocrx_word' id='word_1_226' title='bbox 475 1759 526 1799; x_wconf 90' lang='lat' dir='ltr'>de</span> <span class='ocrx_word' id='word_1_227' title='bbox 549 1759 719 1813; x_wconf 86' lang='lat' dir='ltr'>capitali</span> <span class='ocrx_word' id='word_1_228' title='bbox 740 1759 911 1800; x_wconf 88' lang='lat' dir='ltr'>redditu</span> <span class='ocrx_word' id='word_1_229' title='bbox 934 1760 1158 1801; x_wconf 81' lang='lat' dir='ltr'>duodecim</span> <span class='ocrx_word' id='word_1_230' title='bbox 1181 1761 1388 1802; x_wconf 86' lang='lat' dir='ltr'>denarios.</span> 
     </span>
    </p>
   </div>
   <div class='ocr_carea' id='block_1_3' title="bbox 195 1894 1802 2159">
    <p class='ocr_par' dir='ltr' id='par_1_4' title="bbox 195 1894 1802 2159">
     <span class='ocr_line' id='line_1_24' title="bbox 256 1894 1802 1952; baseline 0.003 -18"><span class='ocrx_word' id='word_1_231' title='bbox 256 1894 422 1935; x_wconf 78' lang='lat' dir='ltr'>HAEREs</span> <span class='ocrx_word' id='word_1_232' title='bbox 446 1897 620 1936; x_wconf 60' lang='lat' dir='ltr'>Rosam</span> <span class='ocrx_word' id='word_1_233' title='bbox 644 1900 924 1950; x_wconf 35' lang='lat' dir='ltr'>Quo-snrrnn</span> <span class='ocrx_word' id='word_1_234' title='bbox 948 1912 1084 1950; x_wconf 88' lang='lat' dir='ltr'>nuper</span> <span class='ocrx_word' id='word_1_235' title='bbox 1106 1897 1157 1938; x_wconf 90' lang='lat' dir='ltr'>de</span> <span class='ocrx_word' id='word_1_236' title='bbox 1179 1898 1451 1952; x_wconf 61' lang='lat' dir='ltr'>&#39;Weryngton</span> <span class='ocrx_word' id='word_1_237' title='bbox 1472 1902 1592 1938; x_wconf 83' lang='lat' dir='ltr'>tenet</span> <span class='ocrx_word' id='word_1_238' title='bbox 1614 1897 1665 1938; x_wconf 89' lang='lat' dir='ltr'>de</span> <span class='ocrx_word' id='word_1_239' title='bbox 1688 1897 1802 1938; x_wconf 85' lang='lat' dir='ltr'>dicto</span> 
     </span>
     <span class='ocr_line' id='line_1_25' title="bbox 197 1962 1800 2020; baseline 0.002 -18"><span class='ocrx_word' id='word_1_240' title='bbox 197 1962 323 2002; x_wconf 91' lang='lat' dir='ltr'>Petro</span> <span class='ocrx_word' id='word_1_241' title='bbox 357 1964 476 2017; x_wconf 89' lang='lat' dir='ltr'>Legh</span> <span class='ocrx_word' id='word_1_242' title='bbox 510 1965 556 2004; x_wconf 90' lang='lat' dir='ltr'>in</span> <span class='ocrx_word' id='word_1_243' title='bbox 589 1965 726 2019; x_wconf 87' lang='lat' dir='ltr'>capite</span> <span class='ocrx_word' id='word_1_244' title='bbox 759 1981 834 2019; x_wconf 86' lang='lat' dir='ltr'>per</span> <span class='ocrx_word' id='word_1_245' title='bbox 867 1966 1086 2007; x_wconf 82' lang='lat' dir='ltr'>servitium</span> <span class='ocrx_word' id='word_1_246' title='bbox 1121 1967 1304 2008; x_wconf 90' lang='lat' dir='ltr'>militare</span> <span class='ocrx_word' id='word_1_247' title='bbox 1340 1981 1477 2007; x_wconf 88' lang='lat' dir='ltr'>unum</span> <span class='ocrx_word' id='word_1_248' title='bbox 1510 1966 1800 2020; x_wconf 86' lang='lat' dir='ltr'>messuagium</span> 
     </span>
     <span class='ocr_line' id='line_1_26' title="bbox 196 2031 1801 2089; baseline 0.003 -18"><span class='ocrx_word' id='word_1_249' title='bbox 196 2031 428 2086; x_wconf 81' lang='lat' dir='ltr'>principale</span> <span class='ocrx_word' id='word_1_250' title='bbox 450 2047 546 2073; x_wconf 87' lang='lat' dir='ltr'>cum</span> <span class='ocrx_word' id='word_1_251' title='bbox 570 2034 732 2074; x_wconf 84' lang='lat' dir='ltr'>solariis</span> <span class='ocrx_word' id='word_1_252' title='bbox 754 2035 936 2088; x_wconf 82' lang='lat' dir='ltr'>coquina</span> <span class='ocrx_word' id='word_1_253' title='bbox 962 2049 1083 2076; x_wconf 89' lang='lat' dir='ltr'>orreo</span> <span class='ocrx_word' id='word_1_254' title='bbox 1109 2036 1276 2075; x_wconf 81' lang='lat' dir='ltr'>ustrina</span> <span class='ocrx_word' id='word_1_255' title='bbox 1297 2041 1391 2076; x_wconf 89' lang='lat' dir='ltr'>orto</span> <span class='ocrx_word' id='word_1_256' title='bbox 1413 2041 1455 2076; x_wconf 94' lang='lat' dir='ltr'>et</span> <span class='ocrx_word' id='word_1_257' title='bbox 1476 2035 1682 2089; x_wconf 83' lang='lat' dir='ltr'>pomoerio</span> <span class='ocrx_word' id='word_1_258' title='bbox 1704 2049 1801 2075; x_wconf 86' lang='lat' dir='ltr'>cum</span> 
     </span>
     <span class='ocr_line' id='line_1_27' title="bbox 195 2100 1800 2159; baseline 0.002 -20"><span class='ocrx_word' id='word_1_259' title='bbox 195 2100 373 2153; x_wconf 83' lang='lat' dir='ltr'>triginta</span> <span class='ocrx_word' id='word_1_260' title='bbox 406 2115 478 2142; x_wconf 82' lang='lat' dir='ltr'>sex</span> <span class='ocrx_word' id='word_1_261' title='bbox 513 2103 619 2143; x_wconf 88' lang='lat' dir='ltr'>acris</span> <span class='ocrx_word' id='word_1_262' title='bbox 652 2108 777 2145; x_wconf 81' lang='lat' dir='ltr'>terrae</span> <span class='ocrx_word' id='word_1_263' title='bbox 811 2105 981 2145; x_wconf 86' lang='lat' dir='ltr'>arabilis</span> <span class='ocrx_word' id='word_1_264' title='bbox 1008 2110 1050 2144; x_wconf 87' lang='lat' dir='ltr'>et</span> <span class='ocrx_word' id='word_1_265' title='bbox 1076 2105 1187 2158; x_wconf 89' lang='lat' dir='ltr'>prati</span> <span class='ocrx_word' id='word_1_266' title='bbox 1208 2105 1452 2159; x_wconf 84' lang='lat' dir='ltr'>jacentibus</span> <span class='ocrx_word' id='word_1_267' title='bbox 1485 2105 1531 2144; x_wconf 89' lang='lat' dir='ltr'>in</span> <span class='ocrx_word' id='word_1_268' title='bbox 1565 2118 1714 2157; x_wconf 89' lang='lat' dir='ltr'>campo</span> <span class='ocrx_word' id='word_1_269' title='bbox 1749 2103 1800 2143; x_wconf 91' lang='lat' dir='ltr'>de</span> 
     </span>
    </p>
   </div>
   <div class='ocr_carea' id='block_1_4' title="bbox 193 2241 1801 2712">
    <p class='ocr_par' dir='ltr' id='par_1_5' title="bbox 195 2241 1801 2608">
     <span class='ocr_line' id='line_1_28' title="bbox 240 2241 1796 2286; baseline 0.001 -15"><span class='ocrx_word' id='word_1_270' title='bbox 240 2241 341 2272; x_wconf 82' lang='lat' dir='ltr'>¹This</span> <span class='ocrx_word' id='word_1_271' title='bbox 358 2241 384 2272; x_wconf 78' lang='lat' dir='ltr'>is</span> <span class='ocrx_word' id='word_1_272' title='bbox 400 2241 511 2272; x_wconf 87' lang='lat' dir='ltr'>either</span> <span class='ocrx_word' id='word_1_273' title='bbox 526 2253 545 2273; x_wconf 85' lang='lat' dir='ltr'>a</span> <span class='ocrx_word' id='word_1_274' title='bbox 562 2247 639 2283; x_wconf 79' lang='lat' dir='ltr'>part</span> <span class='ocrx_word' id='word_1_275' title='bbox 656 2243 693 2274; x_wconf 88' lang='lat' dir='ltr'>of</span> <span class='ocrx_word' id='word_1_276' title='bbox 705 2244 764 2275; x_wconf 86' lang='lat' dir='ltr'>the</span> <span class='ocrx_word' id='word_1_277' title='bbox 781 2249 883 2285; x_wconf 81' lang='lat' dir='ltr'>grant</span> <span class='ocrx_word' id='word_1_278' title='bbox 900 2245 998 2276; x_wconf 84' lang='lat' dir='ltr'>made</span> <span class='ocrx_word' id='word_1_279' title='bbox 1015 2245 1061 2286; x_wconf 90' lang='lat' dir='ltr'>by</span> <span class='ocrx_word' id='word_1_280' title='bbox 1075 2244 1133 2275; x_wconf 89' lang='lat' dir='ltr'>W.</span> <span class='ocrx_word' id='word_1_281' title='bbox 1152 2244 1314 2276; x_wconf 83' lang='lat' dir='ltr'>Blundell</span> <span class='ocrx_word' id='word_1_282' title='bbox 1330 2244 1379 2277; x_wconf 88' lang='lat' dir='ltr'>fil.</span> <span class='ocrx_word' id='word_1_283' title='bbox 1397 2244 1474 2277; x_wconf 79' lang='lat' dir='ltr'>Ric.</span> <span class='ocrx_word' id='word_1_284' title='bbox 1492 2243 1655 2275; x_wconf 86' lang='lat' dir='ltr'>Blundell</span> <span class='ocrx_word' id='word_1_285' title='bbox 1676 2242 1735 2273; x_wconf 90' lang='lat' dir='ltr'>dni</span> <span class='ocrx_word' id='word_1_286' title='bbox 1754 2242 1796 2273; x_wconf 77' lang='lat' dir='ltr'>(le</span> 
     </span>
     <span class='ocr_line' id='line_1_29' title="bbox 198 2294 1800 2340; baseline 0.001 -16"><span class='ocrx_word' id='word_1_287' title='bbox 198 2294 290 2333; x_wconf 84' lang='lat' dir='ltr'>Ince,</span> <span class='ocrx_word' id='word_1_288' title='bbox 313 2295 381 2325; x_wconf 85' lang='lat' dir='ltr'>and</span> <span class='ocrx_word' id='word_1_289' title='bbox 398 2295 510 2325; x_wconf 84' lang='lat' dir='ltr'>which</span> <span class='ocrx_word' id='word_1_290' title='bbox 523 2295 684 2327; x_wconf 85' lang='lat' dir='ltr'>William</span> <span class='ocrx_word' id='word_1_291' title='bbox 701 2296 731 2327; x_wconf 88' lang='lat' dir='ltr'>le</span> <span class='ocrx_word' id='word_1_292' title='bbox 750 2297 896 2328; x_wconf 90' lang='lat' dir='ltr'>Botiller</span> <span class='ocrx_word' id='word_1_293' title='bbox 912 2297 1100 2329; x_wconf 83' lang='lat' dir='ltr'>confirmed</span> <span class='ocrx_word' id='word_1_294' title='bbox 1116 2301 1151 2329; x_wconf 89' lang='lat' dir='ltr'>to</span> <span class='ocrx_word' id='word_1_295' title='bbox 1168 2298 1228 2329; x_wconf 87' lang='lat' dir='ltr'>the</span> <span class='ocrx_word' id='word_1_296' title='bbox 1247 2298 1355 2340; x_wconf 86' lang='lat' dir='ltr'>abbey</span> <span class='ocrx_word' id='word_1_297' title='bbox 1372 2297 1411 2330; x_wconf 89' lang='lat' dir='ltr'>of</span> <span class='ocrx_word' id='word_1_298' title='bbox 1436 2297 1608 2338; x_wconf 86' lang='lat' dir='ltr'>Whalley,</span> <span class='ocrx_word' id='word_1_299' title='bbox 1632 2295 1800 2337; x_wconf 82' lang='lat' dir='ltr'>probably</span> 
     </span>
     <span class='ocr_line' id='line_1_30' title="bbox 195 2347 1800 2391; baseline 0.002 -13"><span class='ocrx_word' id='word_1_300' title='bbox 195 2347 286 2379; x_wconf 85' lang='lat' dir='ltr'>after</span> <span class='ocrx_word' id='word_1_301' title='bbox 301 2348 321 2378; x_wconf 80' lang='lat'>5</span> <span class='ocrx_word' id='word_1_302' title='bbox 338 2347 488 2379; x_wconf 81' lang='lat' dir='ltr'>Edward</span> <span class='ocrx_word' id='word_1_303' title='bbox 506 2349 549 2388; x_wconf 81' lang='lat' dir='ltr'>L,</span> <span class='ocrx_word' id='word_1_304' title='bbox 564 2349 662 2380; x_wconf 90' lang='lat' dir='ltr'>when</span> <span class='ocrx_word' id='word_1_305' title='bbox 686 2350 728 2381; x_wconf 87' lang='lat' dir='ltr'>he</span> <span class='ocrx_word' id='word_1_306' title='bbox 750 2350 827 2382; x_wconf 83' lang='lat' dir='ltr'>first</span> <span class='ocrx_word' id='word_1_307' title='bbox 848 2350 1009 2382; x_wconf 82' lang='lat' dir='ltr'>obtained</span> <span class='ocrx_word' id='word_1_308' title='bbox 1030 2362 1049 2382; x_wconf 86' lang='lat' dir='ltr'>a</span> <span class='ocrx_word' id='word_1_309' title='bbox 1072 2351 1210 2383; x_wconf 84' lang='lat' dir='ltr'>charter</span> <span class='ocrx_word' id='word_1_310' title='bbox 1225 2351 1280 2383; x_wconf 89' lang='lat' dir='ltr'>for</span> <span class='ocrx_word' id='word_1_311' title='bbox 1294 2363 1314 2383; x_wconf 88' lang='lat' dir='ltr'>a</span> <span class='ocrx_word' id='word_1_312' title='bbox 1330 2352 1398 2383; x_wconf 81' lang='lat' dir='ltr'>fair</span> <span class='ocrx_word' id='word_1_313' title='bbox 1414 2355 1450 2384; x_wconf 83' lang='lat' dir='ltr'>at</span> <span class='ocrx_word' id='word_1_314' title='bbox 1467 2351 1713 2391; x_wconf 80' lang='lat' dir='ltr'>Warrington,</span> <span class='ocrx_word' id='word_1_315' title='bbox 1730 2350 1800 2391; x_wconf 83' lang='lat' dir='ltr'>(see</span> 
     </span>
     <span class='ocr_line' id='line_1_31' title="bbox 197 2400 1801 2453; baseline 0 -20"><span class='ocrx_word' id='word_1_316' title='bbox 197 2400 349 2433; x_wconf 75' lang='lat' dir='ltr'>Gouclzer</span> <span class='ocrx_word' id='word_1_317' title='bbox 364 2401 472 2443; x_wconf 76' lang='lat' dir='ltr'><em>Book,</em></span> <span class='ocrx_word' id='word_1_318' title='bbox 487 2413 520 2443; x_wconf 90' lang='lat' dir='ltr'>p.</span> <span class='ocrx_word' id='word_1_319' title='bbox 535 2403 599 2433; x_wconf 78' lang='lat'>252</span> <span class='ocrx_word' id='word_1_320' title='bbox 614 2403 638 2444; x_wconf 74' lang='grc' dir='ltr'>ς)</span> <span class='ocrx_word' id='word_1_321' title='bbox 663 2414 701 2435; x_wconf 84' lang='grc'>01·</span> <span class='ocrx_word' id='word_1_322' title='bbox 717 2404 745 2435; x_wconf 83' lang='lat' dir='ltr'>it</span> <span class='ocrx_word' id='word_1_323' title='bbox 762 2404 789 2435; x_wconf 83' lang='lat' dir='ltr'>is</span> <span class='ocrx_word' id='word_1_324' title='bbox 805 2415 825 2436; x_wconf 82' lang='lat' dir='ltr'>a</span> <span class='ocrx_word' id='word_1_325' title='bbox 840 2409 918 2446; x_wconf 83' lang='lat' dir='ltr'>part</span> <span class='ocrx_word' id='word_1_326' title='bbox 935 2405 973 2436; x_wconf 88' lang='lat' dir='ltr'>of</span> <span class='ocrx_word' id='word_1_327' title='bbox 986 2405 1044 2436; x_wconf 83' lang='lat' dir='ltr'>the</span> <span class='ocrx_word' id='word_1_328' title='bbox 1057 2406 1207 2446; x_wconf 71' lang='lat' dir='ltr'>bul-gage</span> <span class='ocrx_word' id='word_1_329' title='bbox 1223 2406 1370 2446; x_wconf 82' lang='lat' dir='ltr'>granted</span> <span class='ocrx_word' id='word_1_330' title='bbox 1386 2406 1431 2447; x_wconf 88' lang='lat' dir='ltr'>by</span> <span class='ocrx_word' id='word_1_331' title='bbox 1443 2405 1535 2436; x_wconf 88' lang='lat' dir='ltr'>Hen.</span> <span class='ocrx_word' id='word_1_332' title='bbox 1549 2404 1574 2436; x_wconf 87' lang='lat' dir='ltr'>f.</span> <span class='ocrx_word' id='word_1_333' title='bbox 1588 2404 1677 2435; x_wconf 86' lang='lat' dir='ltr'>Rob.</span> <span class='ocrx_word' id='word_1_334' title='bbox 1694 2403 1801 2453; x_wconf 61' lang='lat' dir='ltr'>Ruy1‚</span> 
     </span>
     <span class='ocr_line' id='line_1_32' title="bbox 196 2454 1800 2500; baseline 0.001 -15"><span class='ocrx_word' id='word_1_335' title='bbox 196 2454 234 2496; x_wconf 92' lang='lat' dir='ltr'>(I</span> <span class='ocrx_word' id='word_1_336' title='bbox 236 2454 264 2486; x_wconf 78' lang='lat' dir='ltr'>b.</span> <span class='ocrx_word' id='word_1_337' title='bbox 280 2464 314 2495; x_wconf 90' lang='lat' dir='ltr'>p.</span> <span class='ocrx_word' id='word_1_338' title='bbox 329 2454 419 2495; x_wconf 62' lang='lat'>254)</span> <span class='ocrx_word' id='word_1_339' title='bbox 437 2456 632 2497; x_wconf 77' lang='lat' dir='ltr'>respecting</span> <span class='ocrx_word' id='word_1_340' title='bbox 646 2457 731 2488; x_wconf 87' lang='lat' dir='ltr'>both</span> <span class='ocrx_word' id='word_1_341' title='bbox 747 2458 858 2489; x_wconf 83' lang='lat' dir='ltr'>which</span> <span class='ocrx_word' id='word_1_342' title='bbox 875 2458 942 2489; x_wconf 83' lang='lat' dir='ltr'>and</span> <span class='ocrx_word' id='word_1_343' title='bbox 959 2458 1059 2489; x_wconf 82' lang='lat' dir='ltr'>other</span> <span class='ocrx_word' id='word_1_344' title='bbox 1074 2459 1255 2500; x_wconf 80' lang='lat' dir='ltr'>privileges</span> <span class='ocrx_word' id='word_1_345' title='bbox 1272 2470 1325 2491; x_wconf 84' lang='lat' dir='ltr'>see</span> <span class='ocrx_word' id='word_1_346' title='bbox 1341 2463 1408 2491; x_wconf 88' lang='lat' dir='ltr'>two</span> <span class='ocrx_word' id='word_1_347' title='bbox 1426 2458 1616 2500; x_wconf 81' lang='lat' dir='ltr'>important</span> <span class='ocrx_word' id='word_1_348' title='bbox 1633 2457 1800 2496; x_wconf 76' lang='lat' dir='ltr'>chartei-s,</span> 
     </span>
     <span class='ocr_line' id='line_1_33' title="bbox 195 2508 1797 2554; baseline 0.001 -15"><span class='ocrx_word' id='word_1_349' title='bbox 195 2508 263 2550; x_wconf 81' lang='lat' dir='ltr'>(lb.</span> <span class='ocrx_word' id='word_1_350' title='bbox 279 2519 312 2549; x_wconf 90' lang='lat' dir='ltr'>p.</span> <span class='ocrx_word' id='word_1_351' title='bbox 327 2509 391 2539; x_wconf 78' lang='lat'>414</span> <span class='ocrx_word' id='word_1_352' title='bbox 406 2513 440 2540; x_wconf 87' lang='lat' dir='ltr'>et</span> <span class='ocrx_word' id='word_1_353' title='bbox 457 2520 525 2550; x_wconf 83' lang='lat' dir='ltr'>seq.</span> <span class='ocrx_word' id='word_1_354' title='bbox 542 2511 609 2542; x_wconf 85' lang='lat' dir='ltr'>and</span> <span class='ocrx_word' id='word_1_355' title='bbox 626 2522 683 2552; x_wconf 88' lang='lat' dir='ltr'>pp.</span> <span class='ocrx_word' id='word_1_356' title='bbox 698 2511 887 2552; x_wconf 65' lang='lat'>494-511.)</span> <span class='ocrx_word' id='word_1_357' title='bbox 919 2512 1021 2544; x_wconf 85' lang='lat' dir='ltr'>Will.</span> <span class='ocrx_word' id='word_1_358' title='bbox 1037 2512 1187 2544; x_wconf 85' lang='lat' dir='ltr'>Butler’s</span> <span class='ocrx_word' id='word_1_359' title='bbox 1199 2517 1301 2554; x_wconf 84' lang='lat' dir='ltr'>grant</span> <span class='ocrx_word' id='word_1_360' title='bbox 1315 2525 1381 2545; x_wconf 81' lang='lat' dir='ltr'>was</span> <span class='ocrx_word' id='word_1_361' title='bbox 1393 2512 1578 2545; x_wconf 79' lang='lat' dir='ltr'>confirmed</span> <span class='ocrx_word' id='word_1_362' title='bbox 1590 2512 1635 2552; x_wconf 84' lang='lat' dir='ltr'>by</span> <span class='ocrx_word' id='word_1_363' title='bbox 1648 2510 1797 2542; x_wconf 80' lang='lat' dir='ltr'>Edward</span> 
     </span>
     <span class='ocr_line' id='line_1_34' title="bbox 196 2563 1195 2608; baseline 0.004 -15"><span class='ocrx_word' id='word_1_364' title='bbox 196 2563 269 2594; x_wconf 87' lang='grc' dir='ltr'><strong>ΙΙΙ.</strong></span> <span class='ocrx_word' id='word_1_365' title='bbox 285 2573 328 2594; x_wconf 90' lang='lat' dir='ltr'>on</span> <span class='ocrx_word' id='word_1_366' title='bbox 345 2563 404 2594; x_wconf 87' lang='lat' dir='ltr'>the</span> <span class='ocrx_word' id='word_1_367' title='bbox 423 2564 474 2594; x_wconf 78' lang='lat' dir='ltr'>lst</span> <span class='ocrx_word' id='word_1_368' title='bbox 493 2564 582 2595; x_wconf 86' lang='lat' dir='ltr'>Mar.</span> <span class='ocrx_word' id='word_1_369' title='bbox 599 2564 633 2595; x_wconf 89' lang='lat' dir='ltr'>in</span> <span class='ocrx_word' id='word_1_370' title='bbox 652 2565 710 2596; x_wconf 84' lang='lat' dir='ltr'>the</span> <span class='ocrx_word' id='word_1_371' title='bbox 728 2566 850 2597; x_wconf 78' lang='lat' dir='ltr'>second</span> <span class='ocrx_word' id='word_1_372' title='bbox 867 2576 949 2607; x_wconf 80' lang='lat' dir='ltr'>year</span> <span class='ocrx_word' id='word_1_373' title='bbox 964 2566 1002 2597; x_wconf 90' lang='lat' dir='ltr'>of</span> <span class='ocrx_word' id='word_1_374' title='bbox 1019 2566 1070 2597; x_wconf 79' lang='lat' dir='ltr'>his</span> <span class='ocrx_word' id='word_1_375' title='bbox 1088 2567 1195 2608; x_wconf 87' lang='lat' dir='ltr'>reign.</span> 
     </span>
    </p>

    <p class='ocr_par' dir='ltr' id='par_1_6' title="bbox 193 2616 1791 2712">
     <span class='ocr_line' id='line_1_35' title="bbox 238 2616 1791 2662; baseline 0.002 -15"><span class='ocrx_word' id='word_1_376' title='bbox 238 2616 273 2648; x_wconf 85' lang='lat' dir='ltr'>It</span> <span class='ocrx_word' id='word_1_377' title='bbox 288 2627 430 2658; x_wconf 83' lang='lat' dir='ltr'>appears</span> <span class='ocrx_word' id='word_1_378' title='bbox 446 2617 535 2649; x_wconf 86' lang='lat' dir='ltr'>from</span> <span class='ocrx_word' id='word_1_379' title='bbox 549 2617 781 2650; x_wconf 66' lang='lat' dir='ltr'>Whittaker&#39;s</span> <span class='ocrx_word' id='word_1_380' title='bbox 803 2618 969 2660; x_wconf 63' lang='lat' dir='ltr'>leallays,</span> <span class='ocrx_word' id='word_1_381' title='bbox 987 2631 1018 2660; x_wconf 84' lang='lat' dir='ltr'>p.</span> <span class='ocrx_word' id='word_1_382' title='bbox 1036 2619 1086 2660; x_wconf 70' lang='lat'>75),</span> <span class='ocrx_word' id='word_1_383' title='bbox 1102 2621 1179 2652; x_wconf 84' lang='lat' dir='ltr'>that</span> <span class='ocrx_word' id='word_1_384' title='bbox 1197 2621 1254 2651; x_wconf 83' lang='lat' dir='ltr'>the</span> <span class='ocrx_word' id='word_1_385' title='bbox 1272 2621 1379 2662; x_wconf 66' lang='lat' dir='ltr'>abbey</span> <span class='ocrx_word' id='word_1_386' title='bbox 1397 2620 1434 2653; x_wconf 84' lang='lat' dir='ltr'>of</span> <span class='ocrx_word' id='word_1_387' title='bbox 1456 2619 1620 2659; x_wconf 76' lang='lat' dir='ltr'>VVhalley</span> <span class='ocrx_word' id='word_1_388' title='bbox 1638 2617 1791 2650; x_wconf 79' lang='lat' dir='ltr'>received</span> 
     </span>
     <span class='ocr_line' id='line_1_36' title="bbox 193 2669 551 2712; baseline 0.006 -12"><span class='ocrx_word' id='word_1_389' title='bbox 193 2669 283 2701; x_wconf 83' lang='lat' dir='ltr'>from</span> <span class='ocrx_word' id='word_1_390' title='bbox 298 2670 527 2712; x_wconf 55' lang='lat' dir='ltr'>NVarrington</span> <span class='ocrx_word' id='word_1_391' title='bbox 544 2683 551 2702; x_wconf 73' lang='grc' dir='ltr'><strong><em>ι</em></strong></span> 
     </span>
    </p>
   </div>
  </div>
 </body>
</html>
