1991 2916
794 193 1167 225 INTRODUCTION.
1661 179 1775 226 xxiii

178 315 307 377 Legh
339 319 470 360 tenet
501 311 764 358 manerium
796 311 853 357 de
886 309 1124 371 Bradlegh
1156 310 1205 356 in
1230 309 1340 357 villa
1371 310 1428 357 (lc
1457 310 1776 359 Burtonwode

177 397 298 443 infra
329 396 599 460 parochiam
631 396 687 442 de
712 394 1004 457 Werington,
1039 395 1125 441 sibi
1157 394 1422 442 haeredibus
1454 401 1501 441 et
1532 395 1778 457 assignatis

177 479 272 527 suis
308 480 356 526 in
393 485 674 543 perpetuum
700 478 916 525 videlicet
948 494 1119 525 novam
1151 477 1361 541 pulcram
1386 478 1543 525 aulam
1568 495 1674 525 cum
1699 478 1778 524 tri—

177 563 265 610 bus
301 563 433 610 novis
470 561 666 609 cameris
705 568 752 608 et
791 561 957 624 pulcro
998 561 1235 608 caenaculo
1277 577 1385 607 cum
1420 577 1542 607 nova
1577 560 1778 624 coquina

176 645 375 708 pistrina
399 645 614 693 similiter
638 643 980 708 pandoxatorio
1010 661 1117 690 cum
1149 660 1245 691 uno
1276 650 1408 690 turre
1439 643 1624 706 lapideo
1656 659 1778 691 novo

177 735 224 776 et
249 729 403 792 parvis
426 729 636 776 turribus
660 745 767 775 cum
791 734 929 792 porta
946 727 1110 791 pulcra
1134 733 1181 774 et
1205 727 1403 774 bastello
1428 726 1613 790 lapideo
1639 742 1780 789 supra

175 812 448 875 praedictam
473 819 660 875 portam
685 813 804 859 bene
832 811 1238 874 propugnaculato
1263 827 1370 857 cum
1395 810 1591 873 capellal
1615 809 1780 873 pulcra

177 901 225 942 et
256 895 357 942 haec
388 895 613 958 praedicta
644 901 753 942 sunt
786 895 843 941 de
867 894 1052 941 factura
1075 893 1287 957 praedicti
1312 893 1444 940 Petri
1469 899 1516 940 et
1540 909 1635 940 una
1658 892 1780 940 anti-

177 994 271 1041 qua
300 995 486 1026 camera
509 984 676 1025 vocata
706 978 750 1025 le
782 977 1031 1041 Knyghtes
1063 977 1319 1024 chaumber
1352 993 1458 1039 quae
1483 976 1641 1023 omnia
1665 992 1780 1039 prae-

178 1063 303 1111 dicta
334 1080 441 1110 cum
473 1063 576 1110 aliis
607 1062 801 1110 diversis
833 1062 1050 1109 domibus
1079 1061 1514 1109 circumcluduntur
1537 1077 1645 1107 cum
1670 1077 1780 1124 qua-

178 1146 287 1193 dam
323 1146 446 1193 fossa
481 1146 678 1209 paludili
708 1162 816 1192 cum
848 1162 943 1192 uno
975 1151 1118 1208 ponte
1150 1144 1388 1192 tractabili
1421 1151 1468 1192 et
1492 1143 1584 1191 tria
1608 1160 1781 1207 magna

177 1246 313 1277 orrea
353 1229 528 1277 situata
569 1236 705 1277 extra
745 1229 1020 1293 praedictam
1060 1229 1232 1276 fossam
1281 1227 1500 1275 videlicet
1549 1243 1608 1274 ex
1645 1233 1780 1290 parte

176 1313 355 1361 boreali
389 1314 605 1377 praedicti
640 1313 838 1361 manerii
873 1330 981 1360 cum
1022 1330 1194 1377 magno
1240 1312 1452 1360 boscario
1499 1319 1547 1360 et
1593 1311 1779 1359 stabulo

177 1398 349 1462 equino
381 1416 490 1447 cum
520 1416 666 1462 parvo
699 1399 839 1446 domo
871 1398 1033 1446 ballivi
1065 1405 1113 1446 et
1145 1415 1268 1446 nova
1299 1397 1481 1445 ustrina
1510 1402 1781 1444 constructa

177 1480 225 1528 in
249 1483 341 1529 fine
366 1483 584 1530 orientali
609 1483 854 1547 cujusdam
878 1483 968 1531 loci
993 1489 1159 1530 vocato
1188 1482 1513 1547 parogardyne
1546 1498 1653 1529 cum
1685 1497 1781 1528 om-

179 1565 316 1614 nibus
353 1567 577 1615 membris
615 1574 662 1615 et
694 1568 832 1616 terris
865 1567 1222 1615 dominicalibus
1254 1567 1379 1614 dicto
1413 1565 1624 1613 manerio
1656 1580 1781 1628 spec-

177 1650 388 1698 tantibus
423 1651 518 1698 sive
546 1651 893 1715 pertinentibus
929 1669 1036 1699 cum
1072 1668 1167 1699 uno
1202 1651 1435 1715 pomoerio
1466 1665 1639 1713 magno
1671 1665 1780 1696 cum

177 1734 366 1797 sepibus
401 1742 448 1783 et
482 1736 616 1784 fossis
652 1737 840 1785 inclusis
876 1755 934 1785 ex
966 1744 1101 1800 parte
1133 1737 1328 1784 australi
1361 1736 1472 1783 dicti
1505 1735 1595 1783 loci
1627 1735 1781 1783 vocati

178 1816 512 1881 Parogardyne
536 1836 643 1866 cum
667 1820 864 1884 gardino
886 1821 1028 1883 juxta
1056 1820 1286 1868 ustrinam
1312 1826 1519 1867 veterem
1549 1836 1656 1866 cum
1691 1825 1782 1866 ter-

178 1899 242 1947 ris
265 1901 623 1950 circumclusis.”

246 1983 344 2030 The
393 1991 562 2048 “porta
597 1986 799 2049 pulcra‚⁷'
847 1986 928 2033 the
959 1987 1049 2034 fair
1078 1993 1293 2050 gateway
1329 1987 1383 2034 of
1421 1986 1503 2033 the
1537 1985 1782 2049 foregoing

180 2065 477 2130 description,
511 2069 627 2116 with
658 2069 740 2116 the
768 2069 934 2116 bastile
959 2069 1111 2117 raised
1139 2087 1267 2133 upon
1300 2070 1349 2126 it>
1384 2069 1422 2116 is
1453 2085 1560 2117 now
1584 2085 1612 2116 a
1635 2069 1782 2132 pictu-

179 2165 347 2212 resque
378 2150 498 2207 ruin,
533 2151 685 2198 which
717 2153 945 2215 bespeaks
968 2153 1050 2200 the
1074 2154 1249 2200 former
1273 2169 1593 2216 consequence
1619 2152 1674 2199 of
1700 2152 1780 2199 the

178 2233 325 2296 place,
351 2236 489 2283 when
514 2236 718 2302 Bradley
742 2255 837 2285 was
861 2255 888 2285 a
912 2238 1130 2302 knightly
1154 2239 1404 2286 residence.
1500 2238 1598 2285 The
1622 2237 1782 2301 prison

178 2333 307 2380 upon
352 2319 433 2366 the
468 2326 694 2383 gateway,
731 2338 826 2369 was
862 2322 1102 2370 doubtless
1142 2322 1224 2369 the
1261 2329 1533 2385 temporary
1567 2321 1698 2385 place
1735 2321 1789 2368 of

179 2403 495 2450 confinement
532 2404 587 2451 of
613 2421 753 2468 many
785 2405 840 2452 of
866 2407 948 2453 the
981 2406 1223 2462 offenders,
1263 2407 1369 2454 who
1404 2422 1525 2453 were
1557 2405 1782 2469 awaiting

234 2525 245 2549 ¹
268 2527 323 2564 Of
343 2527 415 2565 this
441 2528 585 2579 Chapel
610 2530 673 2567 the
694 2531 780 2581 only
799 2532 960 2582 existing
978 2532 1118 2569 romain
1138 2532 1169 2569 is
1189 2546 1234 2569 an
1255 2532 1403 2569 ancient
1425 2533 1516 2579 font,
1542 2545 1628 2568 now
1654 2531 1690 2567 in
1717 2530 1780 2566 the

181 2594 325 2645 Chapel
345 2602 382 2633 at
403 2597 532 2647 Lyme,
559 2599 632 2636 and
657 2599 779 2638 which
811 2600 917 2638 bears
952 2615 998 2638 on
1032 2615 1102 2637 onc
1136 2602 1178 2638 of
1201 2601 1247 2638 its
1276 2602 1358 2638 four
1390 2601 1488 2638 sides
1520 2601 1584 2638 the
1617 2613 1713 2636 arms
1744 2599 1785 2635 of

182 2664 381 2713 Haydock.
