1991 2916
1070 133 1089 142 »—

192 209 273 248 124
477 220 528 246 DE
553 220 711 246 'murus
734 220 786 246 ET
809 220 1092 247 TENEMENTIS
1116 220 1164 246 IN
1188 219 1497 246 OVERFORTHE.

187 336 345 371 terram
378 330 569 384 praedicti
604 331 720 371 Petri
755 331 801 371 in
833 335 986 371 tenura
1022 330 1124 370 dieti
1167 330 1351 370 Gilberti
1388 330 1547 370 Madur
1583 344 1633 370 ex
1667 336 1787 384 parte

187 400 375 440 australi.
440 400 545 442 Quae
566 399 751 440 reddunt
767 414 841 454 per
858 415 1018 440 annum
1036 400 1150 439 dieto
1167 400 1294 439 Petro
1312 399 1432 453 Legh
1455 399 1507 439 ad
1523 399 1787 439 voluntatem

186 468 386 509 undecim
409 469 564 509 solidos
587 483 684 509 eum
707 469 875 509 servitio
891 469 1018 509 unius
1041 469 1123 509 diei
1145 483 1396 522 perannum
1417 468 1623 521 implendi
1644 468 1787 522 bigam

187 538 371 578 fimalem
395 552 487 590 quae
509 538 617 578 valet
650 537 755 578 duos
787 537 981 577 denarios
1013 542 1055 578 et
1086 552 1172 577 una
1203 536 1270 576 die
1295 536 1488 577 faciendo
1509 537 1672 577 foenum
1695 551 1787 590 quae

189 607 300 647 valet
322 607 543 647 denarium
567 620 663 647 oum
690 606 856 647 duobus
888 606 1036 647 diebus
1068 605 1415 659 autumpnalibus
1438 620 1530 659 quae
1551 605 1693 646 valent
1714 619 1789 658 per

190 689 350 716 annum
372 680 468 715 octo
490 675 698 715 denarios.

247 813 484 852 ROBERTUS
509 812 761 852 KYNGELEY
784 817 902 852 tenet
930 812 981 852 de
1008 812 1122 852 dieto
1144 813 1271 852 Petro
1293 811 1346 851 ad
1367 812 1630 852 voluntatem
1652 826 1787 852 unum

190 881 479 934 messuagium
506 895 602 920 011111
629 895 749 922 orreo
778 886 821 921 et
846 886 940 921 orto
973 886 1016 921 et
1048 881 1087 921 le
1123 880 1391 934 foldestydde
1425 895 1521 921 cum
1554 895 1641 920 una
1674 880 1788 920 falda

190 954 288 989 ante
310 949 468 989 ostium
491 950 752 990 occidentale
775 950 877 990 dieti
899 950 1128 1003 messuagii
1155 950 1342 1003 jacentia
1362 949 1408 989 in
1428 949 1656 989 latitudine
1678 954 1720 989 et
1741 949 1787 989 in

186 1017 455 1071 longitudine
471 1031 605 1071 usque
623 1017 676 1057 ad
691 1023 849 1058 terram
868 1018 970 1058 dicti
988 1018 1104 1058 Petri
1121 1019 1241 1072 Legh
1257 1019 1303 1058 in
1319 1023 1471 1058 tenura
1489 1018 1591 1058 dieti
1609 1018 1787 1058 Roberti

186 1101 237 1128 ex
256 1091 436 1140 utraque
457 1092 576 1140 parte
597 1086 757 1127 boreali
779 1092 821 1127 et
848 1087 1044 1127 orientali
1075 1093 1117 1128 et
1149 1088 1385 1129 extendunt
1406 1088 1452 1127 in
1472 1088 1741 1141 longitudine
1764 1102 1787 1127 a

186 1156 340 1197 bruera
365 1155 416 1195 de
445 1155 698 1196 Overforthe
727 1169 777 1195 ex
805 1160 924 1209 parte
950 1156 1205 1197 occidentali
1236 1171 1370 1210 usque
1404 1157 1457 1197 ad
1489 1161 1647 1197 terram
1684 1156 1787 1197 dieti

186 1225 303 1265 Petri
322 1225 368 1264 in
388 1229 541 1264 tenura
562 1223 665 1264 dicti
688 1224 866 1264 Roberti
887 1239 937 1265 ex
958 1229 1077 1278 parte
1098 1225 1270 1265 boreali.

245 1294 359 1333 Item
380 1298 499 1334 tenet
522 1307 593 1333 sex
615 1307 732 1333 acras
764 1298 888 1334 terrae
922 1294 1091 1334 arabilis
1124 1294 1305 1335 invicem
1333 1294 1525 1348 jacentes
1558 1294 1604 1334 in
1637 1308 1786 1348 eampo

187 1366 336 1403 vocato
359 1362 613 1402 Overfortlie
645 1361 760 1416 fylde
792 1361 989 1402 videlieet
1023 1368 1121 1402 ante
1156 1363 1346 1403 hostium
1368 1363 1573 1403 orientale
1594 1363 1786 1416 praedicti

185 1431 417 1484 messuagii
451 1431 497 1470 in
528 1435 683 1470 tenura
708 1430 811 1470 dieti
840 1431 1015 1471 Roberti
1051 1446 1230 1485 quarum
1265 1431 1436 1485 quidem
1471 1437 1652 1485 quatuor
1680 1446 1785 1473 aerae

180 1502 325 1555 jacent
364 1501 411 1540 in
444 1500 672 1540 latitudine
707 1500 820 1540 inter
850 1505 1007 1539 terram
1044 1500 1147 1540 dieti
1183 1501 1299 1540 Petri
1339 1501 1385 1540 in
1420 1505 1573 1541 tenura
1614 1501 1785 1541 Ricardi

188 1570 380 1610 Sothurn
413 1583 463 1609 ex
495 1574 615 1623 parte
640 1569 726 1609 fere
752 1569 1005 1609 occidentali
1034 1574 1076 1609 et
1108 1574 1266 1609 terram
1293 1569 1396 1609 dieti
1423 1569 1537 1609 Petri
1561 1569 1607 1609 111
1632 1574 1786 1609 tenura

188 1637 291 1677 dieti
333 1637 512 1678 Henrici
559 1637 781 1677 Holbroke
814 1651 864 1677 ex
896 1642 1016 1690 parte
1048 1637 1135 1677 fere
1169 1637 1364 1677 orientali
1398 1642 1440 1677 et
1472 1638 1709 1678 extendunt
1738 1638 1785 1678 in

184 1707 453 1761 longitudine
486 1721 510 1746 a
541 1710 655 1746 terra
691 1705 793 1746 dicti
826 1706 942 1746 Petri
977 1706 1023 1746 in
1050 1711 1204 1746 tenura
1231 1706 1452 1746 willielmi
1489 1707 1701 1747 Chaloner
1735 1721 1785 1748 ex

185 1781 304 1830 parte
341 1775 515 1816 australi
540 1789 674 1827 usque
709 1774 762 1814 ad
793 1779 951 1814 terram
988 1775 1090 1815 dicti
1127 1775 1243 1815 Petri
1274 1775 1321 1815 in
1348 1780 1501 1815 tenura
1533 1775 1633 1816 dieti
1675 1776 1783 1816 Wil-

183 1845 315 1885 lielmi
356 1843 569 1884 Chaloner
600 1847 793 1883 vocatam
826 1843 962 1883 Parke
1002 1843 1117 1898 fylde
1158 1858 1208 1883 ex
1247 1848 1367 1897 parte
1408 1843 1567 1884 boreali
1607 1848 1650 1884 et
1691 1844 1785 1885 duae

185 1928 292 1954 aerae
312 1913 609 1966 praedictarum
632 1926 700 1952 sex
723 1912 869 1966 jacent
891 1926 941 1953 ex
968 1917 1210 1953 transverso
1231 1912 1445 1966 praedictis
1468 1916 1648 1965 quatuor
1677 1912 1783 1952 acris

184 1982 379 2023 videlicet
418 1981 464 2021 in
503 1981 731 2021 latitudine
761 1981 874 2021 inter
904 1986 1062 2021 terram
1103 1981 1205 2022 dieti
1247 1981 1363 2021 Petri
1402 1981 1448 2021 in
1488 1986 1641 2021 tenura
1681 1981 1785 2021 dieti

186 2050 364 2091 Henriei
383 2049 604 2090 Holbroke
622 2063 671 2089 ex
687 2053 867 2102 utraque
883 2049 1015 2089 latere
1031 2049 1228 2089 Videlicet
1249 2049 1445 2089 orientali
1467 2054 1510 2089 et
1531 2049 1785 2089 occidentali

186 2124 229 2159 et
251 2118 488 2159 extendunt
508 2118 555 2157 in
574 2117 844 2171 longitudine
867 2132 890 2157 a
910 2117 1150 2171 messuagio
1174 2117 1277 2158 dieti
1303 2117 1419 2157 Petri
1440 2117 1486 2157 in
1507 2122 1661 2157 tenura
1681 2117 1784 2158 dicti

187 2187 357 2228 Rieardi
382 2187 573 2227 Sothurn
601 2200 651 2226 ex
679 2190 798 2239 parte
835 2185 1011 2225 australi
1042 2200 1177 2239 usque
1211 2186 1264 2226 ad
1297 2191 1455 2226 terram
1477 2186 1580 2226 dieti
1602 2186 1718 2226 Petri
1737 2187 1784 2226 in

184 2260 337 2295 tenura
370 2255 473 2295 dieti
514 2254 693 2294 Hem·ici
730 2254 952 2294 Holbroke
983 2255 1180 2295 videlieet
1211 2260 1393 2309 quatuor
1425 2269 1541 2295 aeras
1576 2258 1700 2295 terrae
1733 2269 1783 2295 ex

185 2328 305 2377 parte
325 2323 499 2373 boreali,
522 2337 615 2376 quae
645 2322 831 2362 reddunt
863 2323 977 2364 dieto
1008 2325 1135 2365 Petro
1166 2339 1240 2378 per
1262 2339 1423 2364 annum
1444 2329 1540 2364 octo
1563 2323 1719 2364 soh'dos
1741 2328 1783 2365 et

186 2393 291 2433 duos
313 2392 507 2432 denarios
530 2405 627 2431 cum
650 2391 820 2430 servitio
840 2391 968 2431 unius
1001 2392 1083 2432 diei
1113 2407 1188 2446 per
1220 2408 1380 2433 annum
1401 2392 1618 2446 implendo
1638 2392 1783 2445 bigam

184 2461 371 2501 fimalem
393 2474 485 2513 quae
505 2460 616 2499 valet
638 2459 743 2499 duos
766 2459 960 2500 denarios
982 2460 1085 2500 item
1111 2476 1198 2502 una
1224 2462 1292 2502 die
1313 2476 1387 2515 per
1408 2475 1569 2501 annum
1588 2460 1783 2501 faciendo

183 2529 347 2570 foenum
369 2542 462 2581 quae
478 2527 587 2567 valet
610 2526 831 2566 denarium
853 2541 949 2567 011111
968 2533 1149 2580 quatuor
1166 2529 1315 2570 diebus
1338 2529 1686 2583 autumpnalibus
1707 2543 1782 2582 per

182 2613 342 2638 annum
365 2612 457 2651 quae
478 2597 619 2637 valent
643 2600 738 2636 octo
762 2595 969 2637 denarios.
