1991 2916
195 239 253 277 44
498 250 551 276 DE
576 250 734 276 ‘mizius
758 249 809 276 ΕΤ
832 248 1115 276 TENEMENTIS
1139 248 1186 275 IN
1206 247 1499 278 WERYNGTON.

198 365 241 400 et
262 360 499 400 extendunt
527 360 571 400 in
593 360 861 413 longitudine
884 374 907 399 a
929 359 1042 400 dieto
1063 359 1154 399 foro
1176 372 1226 398 ex
1246 363 1366 412 parte
1389 356 1564 397 australi
1585 369 1721 409 usque
1743 355 1795 395 ad

197 429 396 470 brueram
418 429 469 470 de
490 430 762 484 &Veryngton
790 443 840 469 ex
867 434 987 482 parte
1015 427 1187 478 boreali,
1212 442 1303 480 quae
1325 426 1615 479 messuagium
1637 430 1679 465 et
1701 438 1795 478 gar-

199 498 349 538 dinum
381 498 523 539 valent
560 498 673 539 (11010
709 499 836 538 Petro
872 511 946 550 per
979 511 1140 537 annum
1174 501 1269 536 octo
1304 495 1461 536 solidos
1494 509 1592 535 011111
1626 493 1797 534 servitio

200 566 382 607 duorum
419 566 583 607 dierum
620 566 962 620 autumpnalium
999 580 1091 619 quae
1127 565 1268 605 valent
1309 579 1384 618 per
1420 578 1581 605 annum
1617 568 1798 616 quatuor

200 635 408 676 denarios.

261 775 283 829 ᾗ
308 773 421 814 Item
451 772 589 812 dietus
619 773 792 812 Pmacs
820 772 949 812 habet
978 787 1112 812 unuin
1142 771 1431 825 messuagium
1451 775 1572 811 vetus
1597 783 1734 823 nuper
1754 768 1800 808 in

200 847 354 883 tenura
386 841 542 894 Rogeri
573 841 757 894 Kenyan
788 854 885 880 011111
919 840 1096 893 gardino
1130 841 1268 881 eidem‘
1300 839 1542 892 messuagio
1577 838 1799 892 adjacente

199 925 292 964 quae
320 910 607 962 messuagium
634 914 676 949 01
705 909 931 962 gardinum
958 910 1104 962 jacent
1126 914 1168 950 et
1191 909 1406 949 situantur
1427 921 1478 948 ex
1498 911 1619 960 parte
1639 905 1799 946 boreali

200 979 303 1020 dieti
329 979 410 1019 fori
437 978 546 1019 villae
575 978 626 1018 de
652 979 924 1032 VVeryngton
954 977 1000 1017 in
1031 977 1234 1030 praedicto
1262 978 1355 1018 1000
1384 981 1532 1017 vocato
1560 976 1662 1015 Prat
1688 988 1799 1015 rowe

194 1048 383 1102 jacentia
422 1047 467 1086 in
507 1046 735 1087 latitudine
775 1046 889 1086 inter
928 1046 1218 1099 messuagium
1260 1046 1364 1086 (11011
1405 1044 1522 1085 Petri
1561 1044 1608 1084 in
1647 1048 1801 1084 tenura

199 1116 397 1157 Edwardi
421 1115 719 1156 Sothewurthe
741 1128 791 1154 ex
812 1119 932 1167 parte
949 1113 1203 1154 occidentali
1220 1119 1262 1154 et
1279 1128 1413 1154 unum
1430 1127 1588 1153 novum
1604 1113 1800 1166 pulcrum

198 1184 488 1238 messuagium
515 1198 652 1238 nuper
675 1184 721 1224 in
749 1189 904 1224 tenura
932 1183 1159 1236 Margeriae
1190 1184 1286 1223 Sale
1315 1197 1365 1223 ex
1392 1188 1512 1236 parte
1534 1181 1730 1223 orientali
1759 1186 1801 1220 01

200 1253 474 1294 extendentia
494 1253 539 1293 in
563 1252 835 1306 longitudine
857 1267 881 1292 a
902 1253 1016 1293 (11010
1037 1252 1129 1292 foro
1150 1252 1363 1306 praedictae
1384 1252 1492 1292 villae
1515 1251 1566 1291 de
1588 1251 1799 1304 VVeryng-

200 1328 278 1363 ton
311 1337 360 1362 ex
393 1326 513 1376 parte
542 1322 717 1362 australi
745 1336 880 1374 usque
908 1321 962 1361 ad
993 1321 1192 1362 brueram
1224 1321 1275 1361 de
1304 1321 1575 1374 &Veryngton
1604 1333 1653 1359 ex
1682 1324 1801 1372 parte

200 1391 372 1441 boreali,
400 1404 492 1444 quae
518 1391 807 1444 messuagium
833 1396 876 1430 et
905 1390 1131 1444 gardinum
1161 1390 1299 1431 solent
1327 1389 1503 1430 reddere
1532 1389 1646 1428 dieto
1674 1388 1802 1427 Petro

201 1460 323 1513 Legh
355 1474 430 1513 per
463 1474 623 1500 annum
657 1465 753 1500 octo
788 1459 944 1500 solidos
979 1473 1076 1499 eum
1111 1459 1282 1499 servitio
1317 1458 1498 1499 duorum
1531 1458 1696 1498 dierum
1729 1472 1801 1497 au-

202 1528 487 1582 tumpnalium
510 1543 602 1582 quae
624 1529 766 1569 valent
787 1543 862 1582 per
884 1543 1044 1569 annum
1068 1533 1250 1582 quatuor
1272 1527 1481 1568 denarios.

261 1666 412 1721 §Item
437 1665 576 1706 dietus
605 1666 778 1705 Pmms
809 1665 937 1705 LEGH
970 1665 1098 1706 habet
1131 1665 1235 1705 duas
1268 1678 1384 1705 aeras
1416 1670 1539 1704 terrae
1569 1663 1615 1703 in
1645 1663 1803 1717 Hollay

200 1735 464 1788 pertinentes
496 1734 698 1788 praedicto
730 1734 970 1787 messuagio
1001 1747 1137 1787 nuper
1169 1733 1214 1773 in
1245 1739 1398 1773 tenura
1429 1731 1586 1785 Rogeri
1619 1732 1804 1785 Kenyan

201 1817 380 1856 quarum
402 1817 489 1842 una
510 1817 605 1843 aera
626 1804 740 1857 jacet
761 1802 958 1843 videlicet
979 1817 1066 1842 una
1086 1803 1183 1842 finis
1205 1816 1351 1842 versus
1374 1801 1581 1842 orientem
1606 1806 1648 1840 et
1671 1800 1804 1840 altera

201 1871 298 1911 finis
315 1885 460 1911 versus
482 1870 748 1912 occidentem
770 1876 812 1911 et
834 1871 967 1911 altera
989 1885 1085 1911 aera
1101 1871 1215 1925 jacet
1236 1885 1323 1910 una
1343 1870 1440 1910 finis
1462 1883 1608 1909 versus
1630 1868 1803 1908 boream

202 1944 244 1979 01
271 1939 403 1979 altera
428 1939 524 1979 finis
551 1954 697 1980 versus
726 1944 919 1980 austrum
946 1944 988 1979 et
1015 1954 1102 1979 una
1129 1954 1225 1980 aera
1251 1939 1461 1979 dictarum
1488 1938 1669 1977 duarum
1689 1938 1804 1991 jacet

201 2008 247 2047 111
286 2008 515 2048 latitudine
555 2008 668 2048 111101·
707 2012 864 2048 terram
907 2007 1010 2047 (11011
1060 2008 1176 2047 Petri
1228 2007 1348 2060 Logh
1390 2020 1526 2059 nuper
1565 2006 1612 2045 11]
1651 2010 1805 2045 tenura

203 2076 229 2115 J
233 2076 413 2116 ohannis
436 2076 574 2116 Wode
604 2090 655 2116 ex
681 2081 801 2129 parte
829 2076 1026 2116 orientali
1054 2081 1096 2116 et
1123 2081 1281 2116 terram
1304 2074 1526 2115 Wfflielmi
1553 2074 1734 2115 Botiller
1758 2074 1805 2114 in

201 2149 354 2184 tenura
376 2144 592 2198 Radulphi
620 2144 925 2198 Kellurmargh
952 2149 994 2185 01
1020 2148 1179 2185 terram
1208 2143 1386 2184 Henrioi
1414 2144 1578 2183 Garnet
1604 2156 1655 2182 ex
1684 2148 1804 2196 parte

202 2214 454 2254 occidentali
488 2218 530 2254 et
558 2227 645 2252 una
673 2227 769 2253 acra
796 2213 999 2266 praedieta
1030 2213 1222 2253 extendit
1252 2213 1298 2252 in
1328 2211 1600 2265 longitudine
1629 2225 1653 2251 a
1679 2211 1804 2251 litore

203 2296 321 2335 aquae
343 2282 394 2322 de
416 2282 585 2322 Mersee
607 2295 656 2321 ex
678 2286 797 2334 parto
820 2281 996 2321 australi
1016 2295 1151 2334 usque
1174 2281 1227 2320 ad
1249 2281 1426 2321 alteram
1448 2294 1588 2320 acram
1610 2280 1804 2333 praedicti

203 2351 319 2390 Petri
348 2364 398 2390 ex
426 2355 545 2403 parto
574 2349 733 2389 boreali
761 2354 803 2389 01
833 2349 914 2388 alia
942 2349 1055 2388 diota
1084 2363 1179 2389 aera
1207 2350 1321 2402 jacet
1349 2363 1400 2389 ex
1427 2354 1670 2389 transverso
1698 2363 1803 2402 prae-

203 2419 360 2459 dietam
397 2432 536 2459 acram
578 2418 754 2457 alteram
791 2418 1006 2471 jacentem
1041 2417 1087 2456 11]
1121 2417 1348 2458 latitudine
1384 2418 1497 2458 inter
1533 2432 1803 2458 communem

202 2487 360 2528 fossam
394 2486 444 2526 de
481 2486 637 2540 Hollay
668 2485 872 2539 praedicto
903 2500 953 2525 ex
983 2490 1103 2538 parte
1135 2485 1294 2526 boreali
1325 2492 1368 2527 et
1400 2487 1524 2527 aliam
1556 2487 1803 2540 praedictam

203 2569 343 2595 acram
364 2555 554 2608 proedicti
584 2555 698 2594 Petri
726 2568 775 2594 ex
801 2559 920 2607 parte
943 2554 1117 2594 australi
1139 2559 1180 2595 et
1204 2555 1394 2595 extendit
1419 2555 1465 2595 in
1490 2555 1759 2609 longitudine
1782 2569 1806 2594 a

203 2624 404 2678 praedicta
425 2624 588 2664 vcnella
609 2629 757 2664 vocata
786 2624 941 2678 [Iollay
964 2624 1060 2664 lane
1087 2640 1135 2664 ex
1164 2630 1282 2677 parto
1310 2625 1563 2665 occidentali
1588 2639 1722 2678 usque
1752 2625 1803 2664 ad

203 2693 359 2733 dictam
381 2707 650 2733 communem
674 2692 830 2733 fossam
857 2697 898 2732 01
925 2706 1050 2745 super
1075 2693 1177 2732 litus
1205 2708 1322 2746 aquae
1346 2694 1396 2733 (10
1420 2695 1586 2734 Μο1300
1608 2708 1658 2734 ox
1679 2698 1804 2747 parto

203 2762 410 2802 orientali.
