1991 2916
184 238 240 277 84·
450 252 505 278 DE
525 251 798 279 REDDITIBUS
821 252 1117 279 CAPITALIBUS
1142 252 1190 279 IN
1214 252 1507 280 WERYNGTON.

181 360 449 414 pinquiorem
469 361 632 402 bruerae
650 362 700 402 de
717 363 988 417 VVeryngton
1004 377 1149 403 versus
1167 362 1434 414 Overforthe,
1458 362 1572 417 quod
1592 377 1781 403 messua-

183 429 301 481 gium
334 443 432 469 oum
464 430 589 470 terris
622 431 834 484 praedietis
869 431 971 471 dieti
1006 431 1179 471 Ricardi
1200 431 1429 472 Pasmethe
1450 437 1492 472 et
1513 431 1693 472 haeredis
1716 431 1783 471 sui

182 497 368 538 reddunt
390 498 504 539 dicto
529 499 657 539 Petro
682 514 757 553 per
783 514 940 540 annum
978 499 1029 540 de
1063 499 1233 553 capitali
1258 499 1430 540 redditu
1450 504 1537 540 tres
1561 500 1718 540 solidos
1740 504 1784 540 et

186 571 350 619 septem
372 567 581 608 denarios.

241 702 513 744 NICHOLAUS
531 705 795 745 BLUNDELLl
814 709 933 746 tenet
951 704 1002 746 de
1019 704 1133 746 dicto
1150 706 1277 746 Petro
1294 705 1415 759 Legh
1431 705 1567 746 milite
1584 705 1630 745 in
1647 704 1785 758 capite

183 783 258 823 per
291 772 510 812 servitium
542 773 726 814 militare
763 773 847 814 (1110
887 774 1128 828 messuagia
1166 774 1349 814 invicem
1385 774 1572 828 jacentia
1605 788 1786 827 quorum

185 838 357 892 quidem
381 855 517 881 unum
542 856 678 894 nuper
711 842 968 882 {edificatum
1002 857 1100 882 611111
1134 857 1299 883 63111613
1332 848 1375 883 et
1408 843 1571 883 solariis
1592 843 1720 883 modo
1740 844 1787 883 in

183 912 337 948 tenura
358 909 516 962 Rogeri
538 910 666 950 Clerk
682 911 866 964 junioris
894 916 936 951 et
959 912 1141 952 alterum
1162 912 1208 952 in
1228 916 1382 952 tenura
1405 911 1585 951 Henriei
1608 911 1785 951 Hawro-

184 975 283 1030 byn,
302 978 490 1031 jacentia
505 978 551 1018 in
567 979 774 1032 Newgate
790 979 899 1020 villae
916 979 967 1020 de
984 981 1256 1034 VVeryngton
1272 980 1474 1033 praedicta
1489 979 1535 1020 in
1554 979 1785 1020 latitudine

182 1044 295 1086 inter
329 1060 510 1086 vacuum
546 1047 801 1101 burgagium
837 1048 1011 1088 Thomae
1048 1049 1208 1088 Dawne
1250 1048 1301 1088 de
1343 1049 1541 1089 Crawton
1564 1062 1628 1088 *ex
1663 1053 1784 1101 parte

182 1112 341 1153 boreali
374 1119 416 1154 et
449 1115 739 1169 messuagium
773 1116 799 1155 J
802 1116 983 1156 ohannis
1008 1117 1155 1171 Sonky
1177 1117 1304 1157 modo
1331 1117 1378 1157 in
1397 1122 1552 1157 tenura
1573 1116 1600 1156 J
1603 1116 1785 1157 ohannis

184 1182 396 1236 Richerop
419 1197 468 1223 ex
490 1190 609 1237 parte
632 1185 807 1225 australi
829 1191 871 1225 et
899 1186 1137 1226 extendunt
1168 1186 1214 1226 in
1243 1185 1513 1239 longitudine
1536 1199 1560 1224 3
1580 1184 1785 1238 praedicto

183 1250 274 1291 w‘eo
308 1251 359 1291 (16
391 1252 598 1306 Newgate
632 1267 681 1293 ex
715 1259 834 1307 parte
867 1254 1120 1295 occidentali
1154 1268 1289 1307 usque
1323 1254 1376 1294 ad
1410 1259 1570 1294 terram
1605 1253 1785 1293 Henrici

185 1319 334 1359 Birom
374 1321 570 1361 videlicet
614 1322 840 1363 introitum
880 1336 1014 1376 usque
1057 1322 1109 1362 ad
1150 1322 1326 1362 domum
1370 1336 1507 1375 nuper
1545 1321 1591 1362 in
1630 1326 1785 1361 tenura

185 1388 211 1426 J
215 1389 394 1429 ohannis
418 1390 650 1430 Hardewar
675 1396 717 1430 et
748 1396 905 1430 terram
927 1390 1149 1430 Willielmi
1171 1391 1351 1431 Botiller
1370 1391 1416 1430 in
1437 1396 1590 1431 tenura
1611 1390 1785 1431 Thomae

184 1457 412 1498 Derneluff
427 1472 475 1498 ex
497 1463 618 1512 parte
639 1459 849 1499 orientali.

241 1526 353 1566 Item
377 1527 515 1567 dietus
537 1527 773 1568 Nieholaus
795 1532 914 1568 tenet
936 1527 987 1568 de
1009 1527 1122 1568 dieto
1139 1528 1267 1568 Petro
1287 1541 1361 1580 per
1379 1527 1542 1568 dietum
1565 1526 1785 1568 servitium

184 1593 314 1634 alium
335 1595 622 1648 messuagium
638 1596 785 1648 jacens
807 1609 932 1649 super
953 1596 1158 1636 orientale
1178 1596 1290 1635 latus
1311 1596 1474 1637 bruerae
1497 1596 1549 1636 de
1570 1596 1784 1649 WVeryng-

183 1667 259 1702 ton
275 1662 400 1716 juxta
419 1663 714 1703 molendinum
735 1664 1009 1704 ventriticum
1037 1678 1135 1704 611111
1164 1679 1251 1704 11110
1273 1678 1421 1718 campo
1444 1664 1692 1705 continente
1714 1678 1786 1705 sex

184 1744 301 1771 acras
322 1736 445 1772 terrae
466 1732 512 1771 111
533 1738 685 1772 tenura
701 1732 901 1772 Nieholai
923 1733 1149 1787 Kyngeley
1166 1733 1336 1787 jacente
1356 1733 1402 1773 in
1423 1733 1651 1773 latitudine
1671 1733 1786 1773 inter

183 1813 318 1839 unum
341 1800 522 1840 eroftum
543 1806 740 1841 vocatum
759 1801 871 1841 Gille
886 1801 1012 1842 lande
1033 1802 1079 1841 in
1100 1807 1255 1842 tenura
1273 1802 1417 1842 uxoris
1440 1801 1663 1842 Laurentii
1684 1802 1784 1841 Bal-

182 1868 326 1908 frunte
360 1882 409 1909 ex
437 1874 556 1922 parte
590 1869 843 1910 occidentali
876 1875 919 1909 et
953 1870 1153 1910 brueram
1187 1870 1237 1911 (16
1270 1871 1545 1924 erryngton
1580 1884 1630 1910 ex
1664 1875 1785 1923 parte

183 1937 378 1977 orientali
412 1942 454 1977 et
490 1938 681 1978 extendit
715 1938 761 1977 in
796 1937 1065 1991 longitudine
1099 1952 1123 1978 a
1156 1938 1290 1978 crofto
1326 1938 1506 1978 Henriei
1543 1938 1706 1979 Garnet
1734 1952 1785 1979 ex

182 2011 301 2059 parte
335 2006 509 2046 australi
540 2020 675 2059 usque
712 2005 764 2045 ad
799 2005 958 2045 dietam
984 2005 1182 2046 brueram
1209 2006 1260 2047 de
1285 2007 1557 2061 lVeryngton
1582 2020 1631 2047 ex
1665 2011 1785 2060 parte

182 2075 354 2126 boreali,
387 2089 479 2128 quae
509 2075 711 2129 praedicta
740 2074 927 2115 reddunt
959 2074 1073 2115 dicto
1104 2075 1232 2115 Petro
1255 2075 1306 2115 de
1327 2075 1497 2129 capitali
1517 2075 1689 2115 redditu
1709 2088 1784 2128 per

184 2158 344 2184 annum
367 2143 591 2184 duodecim
615 2143 823 2184 denarios.

241 2281 389 2321 Unum
414 2281 670 2334 burgagium
701 2280 923 2321 ruinosum
953 2294 1090 2333 nuper
1119 2280 1381 2320 haereditatis
1409 2279 1594 2321 Gilberti
1627 2280 1780 2321 Sothe-

226 2406 233 2425 ¹
255 2406 337 2437 Two
354 2406 480 2437 enti-ies
496 2406 531 2437 in
555 2406 615 2437 the
632 2406 792 2437 calendar
816 2407 854 2438 of
876 2406 954 2447 Inq.
971 2417 1003 2447 p.
1019 2417 1065 2438 m.
1084 2406 1119 2437 in
1136 2407 1195 2439 the
1212 2408 1327 2448 duchy
1343 2407 1381 2439 of
1395 2407 1581 2439 Lancaster
1597 2406 1689 2438 show
1704 2407 1783 2439 that

182 2460 241 2491 the
259 2459 437 2491 Bluudells
453 2460 607 2491 retained
625 2460 717 2491 their
732 2465 896 2502 property
912 2461 948 2492 in
965 2461 1197 2502 XVarrington
1214 2466 1249 2494 at
1266 2472 1285 2493 a
1301 2462 1391 2493 later
1403 2461 1521 2503 period
1536 2473 1543 2492 :

226 2514 265 2545 P.
284 2514 400 2545 19—“
414 2514 433 2545 8
451 2514 542 2544 Hen.
560 2514 592 2544 S.
638 2514 730 2545 IIen.
746 2514 921 2546 Blundell.

481 2568 598 2599 Bolde.

481 2622 702 2662 XVeryngton
718 2622 785 2653 and
801 2622 901 2653 other
921 2621 1064 2663 placesss'
1117 2623 1281 2654 Kuerden
1308 2622 1410 2655 MSS.
1435 2622 1487 2663 66,
1511 2622 1594 2654 adds
1619 2621 1696 2653 that
1722 2620 1781 2652 the

521 2675 750 2715 Warrington
769 2676 863 2708 lands
882 2687 967 2707 were
984 2677 1061 2708 held
1079 2677 1188 2708 under
1205 2677 1352 2710 Thomas
1371 2677 1504 2708 Butler.
