1991 2916
199 231 254 269 36
496 243 548 268 DE
573 242 730 268 Tlssltltls
756 242 805 267 ET
829 240 1112 267 TENEMENTIS
1139 239 1183 265 IN
1210 238 1501 265 WERYNGTON.

262 353 371 392 Item
410 352 494 392 (1110
536 353 647 392 lecta
687 366 784 391 011111
822 351 991 404 sepibus
1026 349 1304 391 circumclusa
1338 347 1599 402 pertinentia
1635 347 1801 387 duobus

203 421 453 475 messuagiis
486 420 699 474 proedietis
731 420 919 473 jacentia
954 419 999 459 in
1031 417 1259 458 latitudine
1291 417 1404 456 inter
1438 416 1665 470 gardinum
1700 416 1803 456 dieti

201 490 318 530 Petri
349 490 396 529 in
429 494 582 529 tenura
615 488 718 529 dieti
750 489 924 528 Thomae
959 488 1139 527 Swanne
1173 491 1215 526 et
1248 501 1378 526 unam
1409 500 1563 525 novam
1590 485 1802 525 ustrinam

203 559 306 599 dieti
334 559 450 598 Petri
476 563 518 598 et
545 558 590 598 in
616 563 769 598 tenura
795 557 899 596 dieti
923 557 1096 596 Thema]
1118 570 1167 595 ex
1189 560 1310 609 parte
1332 554 1586 595 occidentali
1607 559 1649 594 et
1672 554 1802 593 alium

204 627 430 680 gardinum
464 627 567 666 dieti
601 626 716 666 Petri
751 626 871 678 Legh
903 625 949 664 in
982 629 1135 664 tenura
1169 624 1378 663 Johannae
1411 623 1568 664 Magon
1601 637 1651 662 ex
1684 627 1803 676 parte

204 696 401 735 orientali
422 700 464 735 et
486 694 723 734 extendunt
744 693 789 733 in
810 693 1079 746 longitudine
1101 707 1125 732 a
1145 697 1259 732 terra
1282 691 1421 732 uxoris
1445 692 1470 730 J
1475 691 1655 731 ohannis
1677 692 1804 743 Pigot

205 764 255 804 de
279 764 376 804 dote
404 764 479 803 sua
506 763 580 803 sed
605 761 864 802 haereditatis
889 761 1105 814 Ranulphi
1137 761 1313 800 Rixtonl
1342 760 1388 799 in
1412 765 1566 799 tenura
1592 760 1617 799 J
1622 760 1803 799 ohannis

206 832 407 872 Webster
439 847 489 872 ex
522 836 641 884 parte
675 830 834 870 boreali
866 844 1001 883 usque
1035 829 1088 868 ad
1120 828 1367 882 praedietam
1401 833 1578 868 stratam
1611 832 1804 867 vocatam

205 901 356 940 Bonke
393 905 523 940 strete
555 914 605 939 ex
640 904 759 952 parte
797 899 971 938 australi
1006 913 1097 951 (111ῑο
1128 897 1331 950 praedieta
1360 897 1502 937 valent
1538 910 1613 949 per
1644 910 1804 936 annum

205 968 319 1008 (11010
348 968 474 1007 Ρο11Ὀ
499 967 695 1007 videlieet
723 972 819 1007 octo
849 967 1005 1007 solidos
1035 981 1133 1006 eum
1162 971 1344 1020 quatuor
1372 966 1521 1006 diebus
1551 969 1804 1018 autumpna-

204 1036 314 1076 libus
337 1050 430 1090 (111εο
450 1036 592 1076 valent
614 1050 688 1089 per
710 1050 870 1076 annum
893 1040 988 1076 0010
1011 1035 1220 1076 denarios.

263 1175 481 1214 JOHANNA
514 1188 621 1214 uxor
654 1174 847 1213 SIMONIS
880 1187 932 1213 LE·
965 1173 1131 1213 ΜΑ8οΝ
1163 1177 1283 1212 101101
1310 1171 1362 1212 de
1390 1171 1503 1212 dieto
1528 1171 1656 1211 Petro
1684 1170 1805 1223 Legh

203 1243 250 1282 in
274 1243 373 1283 villa
399 1243 450 1284 de
479 1243 751 1297 XVeryngton
776 1241 972 1282 videlicet
1002 1241 1115 1282 inter
1145 1241 1338 1295 yardiam
1364 1240 1581 1294 jacentem
1607 1254 1657 1280 ex
1685 1244 1805 1292 parte

205 1311 402 1351 orientali
423 1317 567 1352 stratae
590 1312 640 1351 de
662 1312 868 1364 Newgate
889 1311 1103 1365 praedietae
1125 1315 1167 1350 et
1189 1324 1241 1350 ex
1264 1314 1383 1363 parte
1404 1309 1564 1350 boreali
1592 1308 1805 1362 praedietae

205 1385 349 1420 stratae
379 1380 429 1420 de
459 1380 585 1421 Bonk
614 1385 743 1420 strete
772 1395 907 1420 unum
937 1380 1163 1434 gardinum
1189 1379 1336 1432 jacens
1364 1378 1409 1418 in
1437 1377 1664 1417 latitudine
1692 1377 1806 1417 inter

204 1448 407 1502 praedieta
435 1448 518 1489 duo
545 1449 657 1488 lecta
686 1448 789 1489 dieti
820 1449 936 1489 Petri
969 1448 1229 1502 pertinentia
1256 1446 1470 1500 praedietis
1500 1445 1665 1486 duobus
1693 1459 1804 1485 mes-

205 1518 363 1570 suagiis
393 1518 496 1558 dieti
524 1517 640 1558 Petri
670 1518 748 1558 sub
777 1532 864 1557 uno
891 1522 1007 1557 tecto
1035 1517 1082 1557 in
1102 1517 1193 1557 vieo
1222 1515 1424 1570 praedicto
1454 1515 1505 1555 de
1526 1515 1733 1568 Newgate
1755 1528 1806 1554 ex

204 1592 323 1640 parte
346 1588 597 1628 occidentali
619 1592 661 1627 et
684 1587 911 1640 gardinum
927 1587 1151 1627 willielmi
1168 1586 1346 1626 Botiller
1362 1585 1408 1624 in
1423 1590 1576 1625 tenura
1593 1584 1619 1624 J
1623 1583 1805 1623 ohannis

205 1656 355 1710 Massy
386 1670 436 1696 ex
466 1661 586 1709 parte
617 1656 814 1696 orientali
845 1661 888 1696 et
919 1655 1152 1696 extendens
1184 1655 1230 1695 in
1261 1653 1531 1707 longitudine
1566 1667 1590 1692 a
1620 1652 1805 1705 quodam

205 1724 341 1765 erofto
359 1724 538 1765 Henriei
559 1724 707 1765 Birom
722 1724 769 1764 in
785 1729 938 1765 tenura
955 1725 980 1764 J
985 1723 1165 1764 ohannis
1185 1723 1418 1763 Hardewar
1435 1736 1485 1762 ex
1505 1727 1624 1775 parte
1645 1721 1806 1762 boreali

204 1807 339 1846 usque
369 1793 422 1833 ad
448 1793 588 1834 vicum
608 1798 805 1833 vocatum
831 1793 982 1833 Bonke
1009 1797 1139 1832 strete
1166 1806 1218 1832 ex
1247 1796 1367 1845 parte
1394 1790 1569 1832 australi
1594 1795 1637 1831 et
1663 1790 1805 1830 reddit

205 1876 279 1915 per
301 1876 463 1902 annum
485 1862 599 1902 dieto
620 1862 748 1902 Petro
770 1862 892 1915 Legh
912 1866 1000 1902 tres
1023 1861 1193 1902 solidos.

264 2001 285 2054 ᾧ
308 2000 614 2041 VVILLIELMUS
640 1999 883 2039 FLETCHER
909 2001 1028 2038 tenet
1056 1997 1107 2038 de
1130 1997 1244 2038 dieto
1266 1997 1394 2037 Petro
1415 1996 1537 2050 Legh
1559 1995 1689 2036 alium
1711 2009 1804 2049 gar-

205 2068 353 2108 dinum
387 2069 547 2110 scilieet
575 2069 723 2122 jacens
756 2068 870 2108 inter
902 2067 1080 2120 gardina
1112 2081 1163 2107 ex
1196 2070 1317 2120 parte
1349 2065 1545 2106 orientali
1577 2069 1722 2105 stratae
1753 2065 1806 2105 de

204 2136 411 2190 Newgate
437 2137 650 2190 praedietae
677 2141 719 2176 et
746 2150 799 2176 ex
820 2136 953 2176 latere
973 2135 1134 2175 boreali
1157 2139 1301 2175 stratae
1323 2134 1374 2174 de
1397 2133 1524 2174 Bonk
1546 2138 1677 2173 strete
1698 2147 1804 2186 111ἐο-

206 2205 329 2246 dietae
357 2206 403 2245 in
429 2205 658 2245 latitudine
686 2205 800 2245 inter
827 2210 986 2244 terram
1014 2204 1157 2244 uxoris
1187 2204 1213 2243 J
1217 2203 1398 2244 ohannis
1416 2203 1542 2256 Pigot
1563 2202 1614 2242 de
1637 2202 1735 2242 dote
1756 2206 1805 2242 ut

205 2274 450 2327 praedicitur
478 2274 552 2314 sed
579 2273 830 2314 hereditatis
860 2273 1077 2326 Ranulphi
1107 2273 1283 2313 Rixtonl
1317 2273 1364 2312 in
1390 2277 1544 2312 tenura
1571 2271 1676 2311 Eliae
1705 2271 1804 2311 Bal-

204 2343 348 2383 frunte
369 2357 419 2383 ex
440 2348 559 2396 parte
580 2342 739 2383 boreali
761 2346 803 2382 et
824 2342 862 2381 le
880 2341 1031 2382 Bonke
1049 2346 1179 2382 strete
1200 2341 1404 2395 praedicta
1422 2355 1472 2381 ex
1492 2344 1612 2394 parte
1629 2339 1805 2379 australi

208 2416 251 2452 et
279 2411 512 2452 extendens
539 2411 586 2450 in
612 2410 881 2464 longitudine
910 2424 934 2450 a
961 2410 1138 2463 gardino
1165 2410 1359 2464 praedicti
1380 2408 1604 2450 Willielmi
1625 2408 1806 2449 BotiHer

205 2480 252 2520 in
286 2484 440 2520 tenura
475 2480 621 2520 Elenae
654 2480 880 2534 Pykketon
916 2493 967 2519 ex
1001 2483 1120 2532 parte
1156 2479 1353 2519 orientali
1387 2491 1522 2531 usque
1558 2476 1610 2516 ad
1645 2481 1804 2516 terram

206 2548 423 2602 Ranulphi
458 2547 509 2588 de
543 2548 719 2588 Rixton¹
758 2547 805 2587 in
834 2552 988 2588 tenura
1018 2547 1122 2588 dieti
1155 2546 1378 2587 Willielmi
1411 2545 1609 2587 Fletcher
1637 2549 1679 2585 et
1708 2557 1802 2597 gar-

863 2702 869 2720 ¹
890 2702 995 2741 Ante,
1012 2711 1096 2742 page
1113 2702 1143 2732 4.
