1991 2916
166 182 247 221 140
505 197 560 223 DE
585 197 794 224 CAPITALI
820 196 1018 223 REDDITU
1042 196 1089 223 IN
1115 195 1426 222 OVERFORTHE.

169 372 400 418 SEQUITER
422 374 668 416 CAPITALIS
689 375 846 415 FIRMA
871 388 1105 414 HAMELETI
1131 388 1186 414 DE
1210 374 1512 415 OVERFORTHE
1536 385 1765 413 PRAEDICTO

511 456 761 483 PERTINENS
784 456 915 484 DICTO
937 443 1085 483 PETRO
1108 443 1237 483 LEGH
1262 456 1429 483 MILITI.

225 577 460 619 RICARDUS
482 580 672 619 Bancnn
690 584 809 620 tenet
826 579 878 620 de
894 578 1097 633 praedieto
1118 579 1246 619 Petro
1267 578 1389 633 Legh
1409 579 1453 619 in
1476 578 1614 632 capite
1629 591 1766 618 unum

167 646 457 699 messuagium
478 661 576 687 011111
599 647 764 688 duobus
786 647 891 687 ortis
913 652 955 687 et
982 647 1169 700 quinque
1191 647 1338 687 croftis
1361 661 1458 688 eum
1478 661 1565 687 una
1584 646 1768 700 parcella

166 714 277 766 prati
297 714 343 754 in
363 719 517 755 tenura
539 716 565 756 J
570 716 690 756 acobi
718 716 910 756 Sothurn
929 715 1118 769 jacentia
1138 715 1184 755 in
1203 716 1417 756 hameleto
1439 715 1491 755 de
1512 714 1766 756 Overforthe

161 781 288 834 juxta
307 782 590 837 VVeryngton,
624 798 717 837 quae
743 789 862 825 ortus
894 784 1028 825 crofta
1059 790 1101 825 et
1131 785 1391 838 pertinentia
1412 783 1634 825 continent
1654 783 1701 822 in
1722 796 1767 823 se

164 862 317 889 novem
339 864 455 890 aeras
477 855 600 891 terrae
617 851 785 892 arabilis
803 857 845 892 et
861 852 973 906 prati
988 852 1177 906 jacentia
1197 867 1247 893 ex
1263 858 1383 906 parte
1400 852 1576 893 australi
1591 851 1765 892 venellae

168 916 219 956 de
237 917 489 959 Overforthe
511 933 561 959 ex
590 920 785 973 opposito
816 920 904 960 sere
931 921 1164 974 messuagii
1191 921 1383 974 praedicti
1411 921 1528 961 Pet-ri
1547 920 1594 960 in
1614 925 1768 960 tenura

168 985 389 1026 Willielmi
411 988 586 1041 Cowper
607 993 649 1028 et
672 988 946 1029 extendentia
972 989 1019 1029 in
1048 990 1317 1043 longitudine
1339 1004 1363 1029 a
1382 989 1547 1030 venelia
1565 988 1768 1043 praedicta

167 1068 218 1094 ex
238 1059 358 1107 parte
379 1055 540 1096 boreali
566 1071 701 1110 usque
733 1057 786 1097 ad
818 1057 1031 1110 quendam
1061 1058 1245 1098 rivulum
1265 1064 1464 1098 vocatum
1487 1057 1767 1112 Rysshefelde

165 1121 298 1163 broke
334 1130 577 1165 011110111οω
612 1125 725 1165 inter
761 1126 920 1166 dietam
955 1132 1114 1167 terram
1156 1127 1281 1167 dicti·
1301 1127 1473 1167 Rieardi
1513 1126 1684 1167 Bruehe
1725 1130 1767 1167 et

165 1190 364 1232 brueram
386 1193 436 1233 de
458 1194 729 1249 VVeryngton
751 1209 800 1235 ex
821 1200 941 1249 parte
963 1196 1149 1236 australi.
1233 1197 1339 1238 Quae
1359 1196 1561 1250 praedicta
1580 1195 1768 1236 reddunt

166 1258 281 1300 dicto
302 1261 431 1301 Petro
453 1261 504 1302 de
526 1263 695 1316 capitali
716 1263 889 1304 redditu
911 1278 986 1317 per
1008 1279 1169 1304 annum
1175 1295 1417 1305 ........

225 1328 337 1368 Item
367 1329 505 1370 dietus
535 1331 744 1371 Rieardus
771 1333 940 1373 Bruehe
967 1337 1087 1373 tenet
1113 1333 1164 1373 de
1190 1331 1304 1373 dieto
1332 1333 1459 1373 Petro
1489 1332 1536 1372 in
1561 1332 1697 1386 eapite
1720 1331 1768 1372 in

168 1396 420 1438 Overforthe
452 1399 655 1452 praedieto
689 1400 819 1440 alium
851 1401 1139 1455 messuagium
1172 1415 1269 1442 cum
1295 1415 1415 1442 orreo
1441 1406 1535 1441 orto
1561 1407 1604 1441 et
1628 1401 1767 1441 tribus

168 1465 313 1505 eroftis
348 1480 445 1506 011111
478 1468 661 1520 parcella
681 1469 792 1522 prati
820 1484 913 1522 quae
941 1470 1084 1510 omnia
1117 1471 1340 1511 continent
1373 1475 1469 1511 octo
1495 1484 1612 1510 aeras
1643 1475 1768 1510 terrae

169 1533 339 1573 arabilis
362 1539 403 1574 et
424 1536 536 1587 prati
558 1536 836 1577 extendentes
857 1537 904 1577 in
924 1537 1194 1591 longitudine
1217 1552 1241 1577 a
1262 1538 1375 1578 dicta
1390 1538 1555 1578 venella
1576 1552 1625 1578 ex
1647 1543 1767 1591 parte

168 1601 328 1641 boreali
349 1616 484 1655 usque
506 1603 560 1642 ad
580 1604 831 1656 praedietiun
847 1605 1031 1645 1111111111]
1047 1611 1244 1646 vocatum
1267 1606 1546 1660 Rysshefelde
1567 1606 1700 1646 broke
1717 1620 1768 1646 ex

167 1675 289 1723 parte
323 1671 497 1710 australi
534 1676 575 1711 et
609 1678 674 1711 est
711 1686 761 1712 ex
795 1673 991 1713 orientali
1016 1674 1147 1714 latere
1180 1675 1373 1728 praedicti
1403 1675 1632 1727 messuagii
1664 1674 1768 1715 dieti

170 1739 341 1778 Rieardi
382 1739 551 1779 Bruehe
586 1739 632 1779 in
667 1745 820 1780 tenura
861 1741 963 1782 (11011
1001 1742 1026 1782 J
1031 1742 1151 1782 acobi
1191 1748 1233 1783 et
1275 1744 1437 1783 dietum
1477 1744 1768 1797 niessuagium

169 1821 337 1847 orreum
371 1813 488 1847 ortus
523 1813 565 1848 et
599 1808 781 1848 croftum
818 1815 988 1862 pratum
1026 1816 1125 1850 sunt
1161 1812 1288 1852 modo
1323 1812 1369 1852 in
1405 1818 1559 1852 tenura
1595 1812 1768 1852 Rieardi

169 1873 344 1925 Cowper
367 1887 459 1926 quae
480 1873 665 1914 reddunt
683 1874 797 1915 dieto
820 1876 947 1916 Petro
965 1877 1087 1930 Legh
1102 1877 1229 1917 militi
1250 1892 1324 1931 per
1341 1893 1502 1918 annum
1524 1878 1576 1919 de
1597 1877 1767 1931 capitali

169 1941 339 1981 redditu
361 1941 604 1995 quindecim
626 1943 781 1983 solidos
803 1949 845 1984 et
868 1958 939 1985 sex
962 1945 1170 1986 denarios.

335 2346 579 2387 CAPITALIS
603 2348 834 2390 Rssnmws
858 2364 1106 2393 PERTINENS
1130 2368 1261 2395 mero
1283 2356 1430 2396 Pmsso
1455 2370 1593 2397 INFRA

677 2431 850 2458 11111111
875 2433 930 2458 DE
954 2420 1277 2464 LACHEFoRrH.

232 2549 271 2588 H
282 2563 363 2589 reo
387 2551 711 2593 Mnmmurnsw
733 2559 851 2595 tenet
874 2556 924 2596 (10
947 2556 1059 2597 dicto
1081 2559 1208 2599 Petro
1229 2560 1274 2600 111
1296 2561 1431 2614 capite
1452 2577 1527 2615 per
1549 2564 1766 2604 sei'xitium

173 2618 354 2658 militare
390 2619 500 2659 infra
535 2621 677 2662 villam
714 2624 764 2663 (le
803 2625 1060 2665 Lacheforth
1093 2627 1137 2666 in
1175 2629 1380 2669 comitatu
1417 2631 1592 2672 Cestriae
1631 2647 1766 2672 unum
