1991 2916
220 198 276 237 ,26
518 211 570 236 DE
595 211 753 238 TEltRls
778 212 828 237 ΕΤ
851 212 1133 238 TENEMEN'PIS
1159 211 1205 238 IN
1231 210 1522 237 WERYNGTON.

221 319 323 360 dicti
360 320 536 361 Heni-ici
569 335 619 361 cx
652 326 771 375 parte
803 322 1056 363 occidentali
1087 327 1129 362 ot
1161 321 1373 374 quendam
1405 334 1604 374 campum
1635 324 1819 373 quatuor

220 403 412 430 acrarum
427 390 530 430 dicti
553 390 667 431 Petri
688 390 734 431 in
750 395 903 431 tenura
920 391 1077 444 Rogeri
1101 390 1322 431 Holbroke
1344 405 1395 430 ex
1415 394 1535 443 parte
1557 388 1753 429 orientali
1775 392 1818 427 ct

219 458 411 499 extendit
438 459 484 498 in
508 459 777 512 longitudine
800 474 823 499 a
845 459 958 500 dicta
979 460 1045 499 via
1066 459 1117 499 de
1142 459 1289 513 Sonky
1311 464 1408 512 gate
1430 472 1480 498 ex
1500 462 1620 511 parte
1643 456 1817 497 australi

218 540 353 579 usque
375 526 428 566 ad
450 526 647 567 brueram
668 527 718 568 de
736 528 1007 582 lVeryngton
1028 542 1078 567 ex
1100 532 1218 580 parte
1240 526 1412 577 boreali,
1431 540 1511 580 que
1528 524 1817 577 messuagium

219 608 388 635 orreum
418 595 553 635 crofta
581 595 790 650 crymbull
820 609 917 636 cum
945 595 1105 649 campis
1134 594 1346 648 praedictis
1375 594 1518 635 valent
1547 593 1661 634 dicto
1690 593 1818 633 Petro

220 662 341 715 Legh
366 677 441 716 per
463 678 623 704 annum
644 664 796 717 viginti
825 664 982 705 solidos
1011 678 1108 704 cum
1138 663 1309 704 servitio
1339 662 1521 703 duorum
1550 662 1715 703 dierum
1743 676 1816 702 au-

218 731 505 784 tumpnalium
527 747 620 786 quae
641 733 783 773 valent
804 746 879 786 per
900 747 1061 773 annum
1083 737 1265 786 quatuor
1287 731 1496 772 denarios.

277 868 298 921 {s
323 867 435 907 Item
471 868 705 909 RreARnus
743 869 1017 909 HARDEWAR
1058 869 1109 909 de
1149 869 1414 922 Weryngton
1454 872 1574 907 tenet
1615 866 1667 907 de
1703 865 1818 907 dicto

218 935 344 975 Petro
363 936 482 989 chh
499 950 635 976 unuin
656 937 948 990 messuagium
964 950 1122 976 novum
1144 942 1187 976 et
1208 937 1406 989 pulcrum
1428 949 1525 976 cum
1547 935 1697 976 duabis
1719 935 1817 975 altis

216 1004 416 1043 camerisl
447 1005 611 1044 solariis
639 1010 681 1044 ot
708 1005 888 1044 cellariis
911 1006 1058 1059 jacens
1081 1019 1131 1045 ex
1152 1005 1406 1045 occidentali
1431 1009 1551 1058 parte
1579 1008 1724 1044 stratae
1744 1018 1815 1044 vo-

215 1076 319 1112 catae
335 1072 542 1126 Newgate
563 1073 776 1126 praedictae
792 1073 902 1113 vfflae
919 1087 1017 1112 cum
1034 1087 1122 1113 uno
1143 1087 1264 1113 orreo
1281 1073 1452 1127 jacente
1472 1073 1519 1113 in
1534 1073 1619 1113 fine
1641 1073 1816 1113 australi

215 1140 389 1181 alterius
417 1142 541 1181 strati
566 1141 780 1195 praedictae
801 1142 910 1182 vfflae
931 1142 1068 1182 vocati
1093 1142 1240 1197 Sonky
1262 1147 1358 1195 gato
1379 1147 1428 1182 ut
1456 1142 1746 1195 praescribitur
1770 1142 1817 1182 in

214 1210 379 1250 tenuris
398 1210 569 1250 Ricardi
592 1211 831 1265 Dychefeld
854 1211 1031 1251 Roberti
1049 1212 1218 1251 Bruche
1241 1216 1283 1251 et
1305 1211 1485 1251 aliorum
1507 1210 1621 1263 quod
1642 1209 1815 1263 quidem

215 1278 503 1332 messuagium
520 1293 679 1320 novum
697 1293 794 1320 cum
812 1280 994 1333 coquina
1011 1279 1179 1320 stabulo
1197 1285 1239 1319 et
1257 1279 1417 1319 scilicet
1434 1293 1610 1319 vacuam
1625 1279 1815 1332 placeam

218 1346 271 1386 ad
297 1347 594 1388 aedificandum
623 1348 725 1388 alios
752 1348 900 1388 domos
926 1347 1187 1388 necessarios
1213 1347 1416 1400 praedicto
1442 1360 1552 1387 novo
1572 1346 1816 1399 messuagio

210 1416 355 1469 jacent
382 1421 424 1457 et
452 1417 668 1457 situantur
694 1417 806 1457 inter
831 1416 1122 1470 messuagium
1144 1416 1367 1456 Willielmi
1393 1415 1573 1456 Botiller
1594 1415 1640 1455 in
1660 1420 1816 1456 tenura

220 1485 387 1526 Ricardi
414 1486 700 1540 VVynyngton
730 1500 781 1526 ex
810 1491 931 1539 parte
961 1485 1122 1526 boreali
1153 1490 1195 1526 et
1227 1485 1358 1525 alium
1389 1484 1679 1538 messuagium
1711 1484 1814 1525 dicti

215 1554 438 1594 Willielmi
454 1555 636 1595 Botiller
656 1555 702 1595 in
717 1561 871 1596 tenura
883 1555 1107 1595 Willielmi
1124 1554 1288 1595 Barbor
1305 1568 1355 1594 ex
1375 1559 1495 1607 parte
1518 1553 1694 1594 australi
1716 1566 1813 1593 cum

215 1622 397 1675 quodam
419 1637 546 1676 parvo
568 1623 745 1676 gardino
768 1624 938 1677 jacente
959 1623 1005 1663 in
1028 1622 1175 1676 Sonky
1201 1627 1297 1675 gate
1322 1622 1525 1675 praedicto
1545 1621 1741 1662 videlieet
1763 1636 1814 1662 ex

214 1696 333 1744 parte
365 1691 540 1731 australi
572 1692 675 1732 dicti
705 1692 815 1732 orrei
846 1697 888 1732 et
920 1705 1017 1732 cum
1049 1691 1233 1745 quodam
1264 1690 1399 1731 crofto
1428 1690 1676 1730 continente
1707 1690 1813 1731 duas

215 1773 331 1799 acras
364 1765 476 1800 terre
510 1764 553 1800 et
586 1760 807 1800 dimidiam
839 1760 967 1800 unius
1001 1774 1108 1800 acrae
1148 1760 1318 1813 jacente
1355 1759 1402 1799 in
1438 1758 1666 1799 latitudine
1699 1759 1813 1800 inter

213 1833 372 1867 terram
394 1828 497 1868 dicti
523 1829 639 1869 Petri
664 1829 710 1869 in
730 1834 884 1869 tenura
909 1829 1066 1883 Rogeri
1096 1828 1317 1869 Holbroke
1340 1842 1390 1868 ex
1410 1833 1530 1881 parte
1552 1828 1748 1868 orientali
1769 1833 1812 1869 et

214 1896 427 1950 quoddam
460 1897 591 1937 alium
610 1898 805 1943 ‚croftum
837 1898 940 1938 dicti
970 1897 1087 1938 Petri
1117 1898 1164 1937 in
1183 1903 1337 1937 tenura
1358 1897 1383 1936 J
1388 1897 1569 1937 ohannis
1592 1897 1812 1950 Fulshagh

211 1980 261 2006 ex
288 1971 409 2019 parte
437 1966 690 2007 occidentali
718 1972 761 2008 et
789 1967 1022 2008 extendens
1049 1967 1096 2007 in
1122 1966 1391 2021 longitudine
1420 1980 1444 2006 a
1463 1966 1581 2020 regia
1602 1970 1737 2006 strata
1758 1966 1811 2007 de

216 2035 363 2089 Sonky
404 2040 501 2088 gate
541 2035 743 2089 praedicta
783 2050 833 2076 ex
877 2040 998 2089 parte
1042 2035 1202 2076 boreali
1241 2048 1376 2088 usque
1417 2034 1471 2075 ad
1509 2039 1667 2076 terram
1709 2034 1813 2076 dicti

212 2104 434 2145 willielmi
462 2105 642 2146 Botiller
661 2105 707 2146 in
727 2110 882 2146 tenura
904 2104 1076 2145 Ricardi
1097 2104 1383 2159 Wynyngton
1404 2117 1455 2144 ex
1476 2107 1596 2157 parte
1618 2103 1808 2144 australi.

268 2173 382 2213 Item
418 2177 538 2213 tenet
574 2173 760 2226 quinque
796 2187 912 2214 acras
948 2178 1073 2214 terrae
1109 2172 1279 2213 arabilis
1315 2172 1498 2213 invicem
1533 2172 1726 2226 jacentes
1762 2171 1809 2212 in

213 2255 361 2295 campo
383 2241 434 2282 de
455 2242 640 2296 Arpelcy
661 2243 853 2296 jacentes
878 2243 1000 2297 juxta
1025 2247 1067 2283 et
1089 2256 1215 2296 super
1235 2241 1337 2282 litus
1359 2255 1478 2295 aquae
1500 2240 1552 2281 de
1573 2241 1743 2281 Mersee
1763 2241 1810 2281 in

210 2311 438 2350 latitudine
468 2311 581 2352 inter
609 2311 772 2351 dictum
799 2312 901 2352 litus
928 2327 1046 2366 aquae
1071 2327 1121 2353 ex
1148 2317 1269 2365 parte
1297 2311 1550 2352 occidentali
1578 2315 1620 2351 et
1648 2315 1809 2351 terram

211 2379 413 2420 arabilem
435 2379 538 2420 dicti
558 2379 781 2420 Willielmi
806 2381 985 2422 Botiller
1008 2382 1055 2421 in
1079 2386 1233 2422 tenura
1252 2380 1382 2420 Alani
1408 2380 1586 2420 Walton
1611 2393 1662 2420 ex
1688 2385 1809 2434 parte

254 2508 262 2527 ¹
282 2507 316 2538 It
333 2508 410 2539 does
429 2511 488 2539 not
505 2518 631 2549 appear
643 2518 723 2548 very
738 2507 863 2549 clearly
876 2508 967 2539 what
985 2519 1051 2540 was
1064 2508 1124 2539 the
1141 2508 1323 2540 difference
1340 2509 1494 2540 between
1511 2509 1569 2539 the
1586 2508 1656 2539 alta
1673 2518 1809 2540 camera

208 2572 247 2592 or
262 2561 345 2601 high
362 2561 533 2601 chamber,
548 2562 615 2592 and
631 2562 690 2592 the
704 2561 865 2592 solarium
878 2572 916 2592 or
932 2562 1033 2593 sollai·
1049 2574 1058 2601 3
1081 2563 1144 2594 but
1163 2563 1180 2594 I
1197 2563 1395 2604 apprehend
1411 2563 1490 2594 that
1507 2563 1566 2593 the
1583 2562 1653 2594 alta
1670 2572 1805 2593 camera

209 2626 275 2646 was
292 2615 455 2656 probably
468 2616 527 2646 the
544 2615 621 2646 first
637 2615 732 2654 floor,
748 2615 815 2647 and
832 2616 889 2646 the
907 2616 1068 2647 solarium
1085 2617 1235 2657 (camera
1248 2616 1342 2657 solis)
1357 2627 1422 2648 was
1439 2617 1498 2648 the
1515 2616 1677 2649 cha-inber
1693 2615 1728 2647 in
1746 2616 1806 2646 the

207 2669 290 2708 roof,
307 2669 417 2700 which
435 2679 500 2700 was
517 2669 649 2709 lighted
666 2669 777 2700 either
794 2669 837 2710 by
855 2680 874 2701 a
891 2669 1016 2701 dor-ner
1032 2680 1070 2702 or
1086 2671 1129 2710 by
1147 2681 1165 2702 a
1182 2670 1279 2702 small
1295 2670 1404 2711 gablo.
