1991 2916
220 239 275 278 98
487 251 540 276 nn
561 250 834 277 REDDITIBUS
857 250 1153 277 CAPITALIBUS
1179 250 1226 276 IN
1251 250 1543 277 WERYNGTON.

221 360 338 401 Hille
359 360 549 401 elausata
568 360 615 401 in
636 360 750 401 dicto
784 374 933 414 eampo
966 360 1153 401 ecelesiae
1185 374 1235 401 ex
1267 364 1386 414 parte
1409 359 1661 401 occidentali
1682 364 1724 400 et
1746 374 1816 400 ex-

218 429 358 471 tendit
382 429 429 470 in
452 429 721 483 longitudine
747 444 771 469 a
802 429 915 470 fossa
949 428 995 469 in
1029 429 1187 483 Hollay
1208 433 1355 469 vocata
1380 429 1596 469 communi
1628 428 1742 469 fossa
1767 443 1817 469 ex

217 502 338 551 parte
364 498 539 538 australi
563 512 698 552 usque
731 498 785 539 ad
816 498 1068 552 praedietum
1100 503 1272 552 pratum
1296 503 1494 539 vocatum
1519 498 1817 539 Downehouse

217 567 343 608 medo
364 581 415 608 ex
435 571 555 621 parte
575 566 748 607 boreali.

275 636 389 676 Item
409 640 529 676 tenet
550 636 676 676 aliam
697 649 838 676 aeram
862 635 909 675 in
934 635 1048 676 dioto
1078 635 1172 676 loco
1195 639 1388 676 vocatam
1409 634 1655 690 Pyketakyr
1671 635 1816 689 jacen-

216 708 306 745 tem
326 704 373 745 in
392 705 620 745 latitudine
640 704 754 745 inter
781 703 939 745 dietam
970 718 1242 744 communem
1272 703 1429 743 fossam
1451 717 1501 744 ex
1521 708 1641 757 parte
1657 703 1816 744 boreali

217 778 260 814 et
281 787 552 814 communem
574 787 771 826 campum
794 772 845 812 de
869 772 1028 826 Hollay
1049 786 1099 812 ex
1125 777 1246 825 parte
1273 771 1462 822 australi,
1495 777 1537 812 et
1558 772 1750 812 extendit
1770 772 1817 812 in

215 842 485 895 longitudine
507 856 531 882 a
554 847 668 882 terra
689 841 911 881 Willielmi
936 841 1116 881 Botiller
1149 841 1196 881 in
1230 845 1383 881 tenura
1405 840 1622 894 Radulphi
1644 841 1815 881 Kellur-

214 911 365 964 margh
386 925 436 951 ex
456 915 576 964 parte
597 910 794 950 orientali
815 914 857 950 et
879 909 1043 949 dictum
1064 923 1336 950 communem
1358 923 1559 963 campum
1581 909 1633 950 de
1656 910 1817 964 Hollay

215 993 266 1020 ex
286 985 406 1033 parte
427 979 695 1020 occidentali.

273 1048 387 1088 Item
407 1052 527 1088 tenet
554 1047 775 1087 dimidiam
808 1060 949 1086 aeram
982 1060 1058 1099 per
1090 1045 1253 1086 dietum
1287 1045 1507 1086 servitium
1527 1046 1744 1099 jacentem
1770 1045 1817 1086 in

215 1115 330 1157 dicto
352 1130 500 1170 eampo
522 1115 573 1156 de
596 1116 755 1170 Hollay
771 1115 896 1169 juxta
917 1114 1130 1168 quendam
1145 1114 1287 1155 locum
1302 1119 1500 1155 vocatum
1524 1115 1748 1155 Hellehole
1769 1115 1816 1155 in

213 1189 367 1225 tenura
399 1184 582 1226 Galfridi
616 1185 785 1240 Twysse
818 1183 1121 1224 extendentem
1148 1183 1194 1224 in
1221 1184 1306 1224 fine
1334 1183 1531 1224 orientali
1560 1197 1685 1237 super
1711 1183 1815 1224 litus

214 1268 333 1307 aquae
355 1253 406 1294 de
428 1254 612 1294 Mer-see.

271 1323 386 1363 Item
417 1327 537 1363 tenet
573 1326 755 1376 quatuor
780 1335 897 1362 acras
929 1326 1055 1362 terrae
1080 1320 1250 1361 arabilis
1283 1320 1330 1361 in
1362 1335 1511 1374 campo
1545 1320 1596 1361 de
1628 1320 1816 1375 Arpeley

212 1391 394 1432 invicem
410 1392 602 1446 jacentes
624 1392 670 1432 in
691 1405 839 1445 campo
861 1405 958 1432 cum
976 1390 1145 1444 sepibus
1167 1395 1210 1430 et
1230 1390 1355 1430 fossis
1375 1390 1563 1430 inclusas
1583 1395 1753 1430 vocatas
1774 1391 1815 1431 le

213 1460 458 1515 Longehey,
485 1466 527 1502 et
556 1461 650 1501 duae
683 1474 790 1501 aerae
821 1460 867 1500 in
900 1460 1014 1500 dicto
1045 1459 1174 1512 longo
1208 1473 1357 1512 campo
1390 1473 1440 1499 ex
1472 1463 1592 1513 parte
1618 1459 1815 1499 orientali

214 1534 314 1569 sunt
349 1529 611 1570 haereditatis
648 1528 865 1582 Ranulphi
902 1527 1076 1577 Rixton,
1114 1527 1187 1580 qui
1213 1527 1384 1580 quidem
1418 1542 1592 1581 campus
1623 1528 1735 1582 jacet
1767 1528 1814 1568 in

213 1598 440 1638 latitudine
461 1598 573 1638 inter
594 1602 752 1638 terram
773 1596 925 1637 Mariae
946 1610 1082 1649 nuper
1111 1596 1255 1635 uxoris
1289 1596 1500 1636 Hamonis
1523 1597 1574 1636 de
1597 1597 1814 1637 Assheton

214 1679 265 1706 ex
286 1670 405 1719 parte
431 1666 627 1706 orientali
647 1670 689 1705 et
715 1665 826 1704 viam
848 1678 1119 1704 communem
1141 1663 1192 1704 de
1215 1664 1411 1718 Arpeley‚
1440 1669 1482 1705 et
1505 1665 1630 1705 aliam
1652 1665 1812 1718 parcel-

211 1731 297 1771 lam
318 1736 442 1772 terrae
463 1736 655 1772 vocatam
675 1730 930 1784 Weteakyrs
952 1744 1000 1770 ex
1032 1734 1151 1783 parte
1173 1730 1425 1770 occidentali
1446 1735 1489 1770 et
1510 1731 1747 1771 extendunt
1767 1731 1814 1771 in

211 1800 480 1853 longitudine
503 1815 527 1840 a
548 1813 696 1853 campo
717 1798 940 1839 Williolmi
973 1798 1153 1839 Botiller
1184 1798 1230 1838 in
1262 1804 1416 1839 tenura
1438 1799 1464 1838 J
1468 1799 1648 1840 ohannae
1668 1800 1812 1840 uxoris

214 1868 424 1909 Hainonis
446 1869 608 1923 Nayler
629 1883 680 1909 ex
700 1873 820 1922 parte
842 1867 1018 1908 australi
1038 1881 1174 1921 usque
1197 1867 1250 1907 ad
1277 1881 1476 1921 eampum
1497 1868 1672 1909 Thomae
1695 1868 1812 1908 Hille

209 1937 256 1977 in
276 1942 429 1978 tenura
451 1937 623 1978 Rieardi
646 1937 880 1977 Hardewar
901 1950 951 1976 ex
972 1941 1091 1989 parte
1112 1936 1285 1976 boreali.

269 2006 382 2046 [tem
402 2011 521 2046 tenet
543 2006 594 2046 de
616 2007 730 2047 dieto
751 2007 878 2047 Petro
899 2020 974 2059 per
996 2005 1159 2046 dictum
1181 2004 1400 2045 servitium
1422 2004 1527 2045 duas
1550 2018 1666 2044 acras
1687 2008 1812 2045 terrae

209 2073 390 2115 invicem
419 2076 610 2129 jacentes
632 2075 678 2115 in
700 2075 813 2115 dicto
835 2088 984 2128 eampo
1012 2074 1063 2114 de
1090 2074 1275 2128 Arpeley
1303 2074 1495 2127 jacentes
1517 2073 1563 2113 in
1582 2073 1811 2114 latitudine

210 2142 323 2183 inter
344 2157 541 2196 campum
562 2148 760 2184 vocatum
789 2143 828 2183 le
861 2142 1030 2183 Bruehe
1060 2142 1144 2197 liey
1170 2156 1220 2182 ex
1245 2147 1365 2195 parte
1387 2142 1583 2182 orientali
1605 2146 1647 2182 et
1670 2156 1811 2182 acram

210 2211 432 2252 Williehni
455 2212 619 2253 Gerard
640 2212 691 2252 de
718 2213 821 2252 Ince
852 2211 898 2251 in
928 2216 1082 2252 tenura
1113 2212 1139 2251 J
1143 2210 1324 2251 ohannis
1347 2211 1465 2251 Belle
1487 2225 1537 2251 ex
1558 2215 1678 2263 parte
1699 2210 1808 2250 oeci-

211 2279 371 2319 dentali
393 2284 435 2320 et
456 2280 692 2320 extendunt
713 2281 760 2320 in
780 2279 1049 2333 longitudine
1083 2294 1107 2319 a
1139 2293 1235 2320 acra
1262 2285 1386 2321 terrae
1409 2280 1626 2333 Ranulphi
1648 2279 1810 2320 Rixton

210 2362 260 2388 ex
287 2353 406 2400 parte
435 2348 609 2388 australi
633 2362 767 2401 usque
808 2348 861 2389 ad
901 2348 1127 2401 parcellam
1167 2353 1291 2389 terrae
1327 2348 1431 2389 dicti
1463 2347 1580 2388 Petri
1612 2347 1734 2401 Legh
1763 2348 1810 2389 in

209 2420 363 2456 tenura
385 2416 410 2455 J
414 2416 594 2455 ohannis
617 2417 834 2469 Fulshagh
855 2431 905 2456 ex
926 2422 1045 2470 parte
1066 2416 1239 2457 boreali.

266 2485 380 2524 Item
401 2488 519 2524 tenet
541 2484 592 2524 de
615 2484 728 2524 dicto
750 2485 877 2525 Petro
898 2499 973 2538 per
994 2485 1156 2526 dictum
1178 2485 1398 2525 servitium
1421 2484 1643 2525 dimidiam
1666 2498 1808 2525 acram

208 2551 319 2606 prati
340 2552 556 2605 jacentem
582 2552 627 2591 in
653 2553 837 2607 Arpeley
858 2553 1062 2606 praedicto
1093 2553 1140 2593 in
1172 2553 1400 2593 latitudine
1426 2553 1539 2593 inter
1561 2553 1664 2593 duas
1688 2567 1805 2593 acras

207 2626 330 2661 terrae
352 2620 574 2660 Williclmi
595 2620 774 2660 Botiller
794 2621 839 2661 in
859 2627 1013 2662 tenura
1032 2621 1174 2663 uxoris
1198 2622 1410 2662 Hamonis
1432 2621 1594 2676 Nayler
1615 2636 1664 2662 ex
1685 2625 1805 2675 parte

206 2689 364 2731 boreali
386 2693 427 2730 et
448 2693 605 2730 terram
627 2689 841 2743 Ranulphi
871 2690 1032 2732 Rixton
1062 2704 1112 2732 ex
1142 2694 1263 2745 parte
1285 2690 1461 2732 australi
1482 2695 1525 2731 et
1546 2689 1737 2731 extendit
1758 2689 1803 2729 in
