<?xml version="1.0" encoding="UTF-8"?>
<!DOCTYPE html PUBLIC "-//W3C//DTD XHTML 1.0 Transitional//EN"
    "http://www.w3.org/TR/xhtml1/DTD/xhtml1-transitional.dtd">
<html xmlns="http://www.w3.org/1999/xhtml" xml:lang="en" lang="en">
 <head>
  <title>
</title>
<meta http-equiv="Content-Type" content="text/html;charset=utf-8" />
  <meta name='ocr-system' content='tesseract 3.04.00' />
  <meta name='ocr-capabilities' content='ocr_page ocr_carea ocr_par ocr_line ocrx_word'/>
</head>
<body>
  <div class='ocr_page' id='page_1' title='image "./warringtoninmccc00beamrich_0189.png"; bbox 0 0 1991 2916; ppageno 0'>
   <div class='ocr_carea' id='block_1_1' title="bbox 668 210 1806 248">
    <p class='ocr_par' dir='ltr' id='par_1_1' title="bbox 668 210 1806 248">
     <span class='ocr_line' id='line_1_1' title="bbox 668 210 1806 248; baseline 0 -1"><span class='ocrx_word' id='word_1_1' title='bbox 668 221 804 247; x_wconf 72' lang='lat' dir='ltr'>cumr</span> <span class='ocrx_word' id='word_1_2' title='bbox 829 221 965 247; x_wconf 63' lang='lat' dir='ltr'>ltnxrs</span> <span class='ocrx_word' id='word_1_3' title='bbox 991 221 1037 247; x_wconf 89' lang='lat' dir='ltr'>lN</span> <span class='ocrx_word' id='word_1_4' title='bbox 1064 221 1352 248; x_wconf 69' lang='lat' dir='ltr'>WERYNGTON.</span> <span class='ocrx_word' id='word_1_5' title='bbox 1760 210 1806 247; x_wconf 81' lang='lat'>91</span> 
     </span>
    </p>
   </div>
   <div class='ocr_carea' id='block_1_2' title="bbox 214 340 1816 602">
    <p class='ocr_par' dir='ltr' id='par_1_2' title="bbox 214 340 1816 602">
     <span class='ocr_line' id='line_1_2' title="bbox 214 340 1814 396; baseline 0.002 -17"><span class='ocrx_word' id='word_1_6' title='bbox 214 354 266 379; x_wconf 89' lang='lat' dir='ltr'>on</span> <span class='ocrx_word' id='word_1_7' title='bbox 292 340 364 380; x_wconf 86' lang='lat' dir='ltr'>the</span> <span class='ocrx_word' id='word_1_8' title='bbox 386 345 489 391; x_wconf 84' lang='lat' dir='ltr'>cast,</span> <span class='ocrx_word' id='word_1_9' title='bbox 519 342 601 381; x_wconf 88' lang='lat' dir='ltr'>and</span> <span class='ocrx_word' id='word_1_10' title='bbox 629 342 861 396; x_wconf 79' lang='lat' dir='ltr'>extending</span> <span class='ocrx_word' id='word_1_11' title='bbox 889 343 934 382; x_wconf 94' lang='lat' dir='ltr'>in</span> <span class='ocrx_word' id='word_1_12' title='bbox 966 342 1117 396; x_wconf 87' lang='lat' dir='ltr'>length</span> <span class='ocrx_word' id='word_1_13' title='bbox 1149 341 1259 382; x_wconf 88' lang='lat' dir='ltr'>from</span> <span class='ocrx_word' id='word_1_14' title='bbox 1291 341 1366 381; x_wconf 89' lang='lat' dir='ltr'>the</span> <span class='ocrx_word' id='word_1_15' title='bbox 1404 345 1532 381; x_wconf 84' lang='lat' dir='ltr'>water</span> <span class='ocrx_word' id='word_1_16' title='bbox 1568 341 1615 381; x_wconf 87' lang='lat' dir='ltr'>of</span> <span class='ocrx_word' id='word_1_17' title='bbox 1646 341 1814 382; x_wconf 85' lang='lat' dir='ltr'>Mersce</span> 
     </span>
     <span class='ocr_line' id='line_1_3' title="bbox 214 408 1816 464; baseline 0.002 -17"><span class='ocrx_word' id='word_1_18' title='bbox 214 408 422 449; x_wconf 77' lang='lat' dir='ltr'>aforesaid</span> <span class='ocrx_word' id='word_1_19' title='bbox 448 424 504 449; x_wconf 90' lang='lat' dir='ltr'>on</span> <span class='ocrx_word' id='word_1_20' title='bbox 529 410 603 450; x_wconf 88' lang='lat' dir='ltr'>the</span> <span class='ocrx_word' id='word_1_21' title='bbox 631 412 757 452; x_wconf 89' lang='lat' dir='ltr'>south</span> <span class='ocrx_word' id='word_1_22' title='bbox 785 426 829 451; x_wconf 89' lang='lat' dir='ltr'>as</span> <span class='ocrx_word' id='word_1_23' title='bbox 851 411 914 451; x_wconf 89' lang='lat' dir='ltr'>far</span> <span class='ocrx_word' id='word_1_24' title='bbox 936 426 980 451; x_wconf 87' lang='lat' dir='ltr'>as</span> <span class='ocrx_word' id='word_1_25' title='bbox 1004 426 1027 451; x_wconf 91' lang='lat' dir='ltr'>a</span> <span class='ocrx_word' id='word_1_26' title='bbox 1053 411 1215 452; x_wconf 80' lang='lat' dir='ltr'>certain</span> <span class='ocrx_word' id='word_1_27' title='bbox 1242 415 1388 464; x_wconf 80' lang='lat' dir='ltr'><strong>empty</strong></span> <span class='ocrx_word' id='word_1_28' title='bbox 1408 410 1596 464; x_wconf 79' lang='lat' dir='ltr'>burgage</span> <span class='ocrx_word' id='word_1_29' title='bbox 1618 411 1665 451; x_wconf 90' lang='lat' dir='ltr'>of</span> <span class='ocrx_word' id='word_1_30' title='bbox 1692 412 1816 451; x_wconf 87' lang='lat' dir='ltr'>Peter</span> 
     </span>
     <span class='ocr_line' id='line_1_4' title="bbox 218 477 1816 532; baseline 0.002 -16"><span class='ocrx_word' id='word_1_31' title='bbox 218 477 490 529; x_wconf 80' lang='lat' dir='ltr'>Werburton,</span> <span class='ocrx_word' id='word_1_32' title='bbox 509 479 688 532; x_wconf 83' lang='lat' dir='ltr'>esquire,</span> <span class='ocrx_word' id='word_1_33' title='bbox 707 494 762 520; x_wconf 91' lang='lat' dir='ltr'>on</span> <span class='ocrx_word' id='word_1_34' title='bbox 783 480 856 520; x_wconf 87' lang='lat' dir='ltr'>the</span> <span class='ocrx_word' id='word_1_35' title='bbox 878 480 1031 529; x_wconf 72' lang='lat' dir='ltr'>north,</span> <span class='ocrx_word' id='word_1_36' title='bbox 1066 479 1202 520; x_wconf 81' lang='lat' dir='ltr'>which</span> <span class='ocrx_word' id='word_1_37' title='bbox 1221 478 1374 519; x_wconf 79' lang='lat' dir='ltr'>should</span> <span class='ocrx_word' id='word_1_38' title='bbox 1390 478 1544 518; x_wconf 84' lang='lat' dir='ltr'>render</span> <span class='ocrx_word' id='word_1_39' title='bbox 1565 483 1610 519; x_wconf 91' lang='lat' dir='ltr'>to</span> <span class='ocrx_word' id='word_1_40' title='bbox 1631 479 1704 520; x_wconf 89' lang='lat' dir='ltr'>the</span> <span class='ocrx_word' id='word_1_41' title='bbox 1727 480 1816 520; x_wconf 86' lang='lat' dir='ltr'>said</span> 
     </span>
     <span class='ocr_line' id='line_1_5' title="bbox 215 545 1553 602; baseline 0.001 -17"><span class='ocrx_word' id='word_1_42' title='bbox 215 545 340 586; x_wconf 86' lang='lat' dir='ltr'>Peter</span> <span class='ocrx_word' id='word_1_43' title='bbox 360 547 504 602; x_wconf 83' lang='lat' dir='ltr'><strong>yearly</strong></span> <span class='ocrx_word' id='word_1_44' title='bbox 524 548 590 588; x_wconf 83' lang='lat' dir='ltr'>for</span> <span class='ocrx_word' id='word_1_45' title='bbox 611 548 728 589; x_wconf 82' lang='lat' dir='ltr'><strong>chief</strong></span> <span class='ocrx_word' id='word_1_46' title='bbox 743 554 840 589; x_wconf 88' lang='lat' dir='ltr'>rent</span> <span class='ocrx_word' id='word_1_47' title='bbox 862 549 923 589; x_wconf 81' lang='lat' dir='ltr'>six</span> <span class='ocrx_word' id='word_1_48' title='bbox 946 549 1141 602; x_wconf 85' lang='lat' dir='ltr'>shillings</span> <span class='ocrx_word' id='word_1_49' title='bbox 1163 548 1248 589; x_wconf 86' lang='lat' dir='ltr'>and</span> <span class='ocrx_word' id='word_1_50' title='bbox 1270 548 1388 601; x_wconf 83' lang='lat' dir='ltr'>eight</span> <span class='ocrx_word' id='word_1_51' title='bbox 1409 560 1553 601; x_wconf 88' lang='lat' dir='ltr'>pence.</span> 
     </span>
    </p>
   </div>
   <div class='ocr_carea' id='block_1_3' title="bbox 224 658 903 665">
    <p class='ocr_par' dir='ltr' id='par_1_3' title="bbox 224 658 903 665">
     <span class='ocr_line' id='line_1_6' title="bbox 224 658 903 665; baseline 0 0"><span class='ocrx_word' id='word_1_52' title='bbox 224 658 903 665; x_wconf 95' lang='lat' dir='ltr'> </span> 
     </span>
    </p>
   </div>
   <div class='ocr_carea' id='block_1_4' title="bbox 209 713 1822 2531">
    <p class='ocr_par' dir='ltr' id='par_1_4' title="bbox 212 713 1817 865">
     <span class='ocr_line' id='line_1_7' title="bbox 212 713 1816 756; baseline -0.001 -11"><span class='ocrx_word' id='word_1_53' title='bbox 212 715 271 745; x_wconf 89' lang='lat' dir='ltr'>the</span> <span class='ocrx_word' id='word_1_54' title='bbox 288 715 415 755; x_wconf 88' lang='lat' dir='ltr'>parties</span> <span class='ocrx_word' id='word_1_55' title='bbox 433 716 519 756; x_wconf 89' lang='lat' dir='ltr'>who,</span> <span class='ocrx_word' id='word_1_56' title='bbox 533 716 562 747; x_wconf 93' lang='lat' dir='ltr'>it</span> <span class='ocrx_word' id='word_1_57' title='bbox 579 727 697 755; x_wconf 89' lang='lat' dir='ltr'>seems,</span> <span class='ocrx_word' id='word_1_58' title='bbox 719 716 864 748; x_wconf 85' lang='lat' dir='ltr'>entitled</span> <span class='ocrx_word' id='word_1_59' title='bbox 881 715 1085 747; x_wconf 79' lang='lat' dir='ltr'><strong>themselves</strong></span> <span class='ocrx_word' id='word_1_60' title='bbox 1102 719 1138 747; x_wconf 86' lang='lat' dir='ltr'>to</span> <span class='ocrx_word' id='word_1_61' title='bbox 1154 715 1214 746; x_wconf 86' lang='lat' dir='ltr'>the</span> <span class='ocrx_word' id='word_1_62' title='bbox 1230 715 1345 756; x_wconf 86' lang='lat' dir='ltr'>public</span> <span class='ocrx_word' id='word_1_63' title='bbox 1362 714 1537 756; x_wconf 84' lang='lat' dir='ltr'>gratitude</span> <span class='ocrx_word' id='word_1_64' title='bbox 1554 714 1599 755; x_wconf 89' lang='lat' dir='ltr'>by</span> <span class='ocrx_word' id='word_1_65' title='bbox 1615 714 1684 745; x_wconf 89' lang='lat' dir='ltr'>this</span> <span class='ocrx_word' id='word_1_66' title='bbox 1701 713 1816 755; x_wconf 88' lang='lat' dir='ltr'>public</span> 
     </span>
     <span class='ocr_line' id='line_1_8' title="bbox 213 768 1817 811; baseline -0.001 -12"><span class='ocrx_word' id='word_1_67' title='bbox 213 768 349 800; x_wconf 79' lang='lat' dir='ltr'><strong>service.</strong></span> <span class='ocrx_word' id='word_1_68' title='bbox 402 769 477 800; x_wconf 93' lang='lat' dir='ltr'>The</span> <span class='ocrx_word' id='word_1_69' title='bbox 502 773 665 810; x_wconf 82' lang='lat' dir='ltr'>warrant,</span> <span class='ocrx_word' id='word_1_70' title='bbox 689 769 801 801; x_wconf 83' lang='lat' dir='ltr'>which</span> <span class='ocrx_word' id='word_1_71' title='bbox 827 769 923 801; x_wconf 87' lang='lat' dir='ltr'>bears</span> <span class='ocrx_word' id='word_1_72' title='bbox 949 769 1028 800; x_wconf 89' lang='lat' dir='ltr'>date</span> <span class='ocrx_word' id='word_1_73' title='bbox 1054 769 1115 800; x_wconf 79' lang='lat' dir='ltr'>6th</span> <span class='ocrx_word' id='word_1_74' title='bbox 1135 769 1221 811; x_wconf 86' lang='lat' dir='ltr'>July</span> <span class='ocrx_word' id='word_1_75' title='bbox 1238 769 1279 801; x_wconf 80' lang='lat'>38</span> <span class='ocrx_word' id='word_1_76' title='bbox 1303 768 1453 800; x_wconf 85' lang='lat' dir='ltr'>Edward</span> <span class='ocrx_word' id='word_1_77' title='bbox 1471 768 1556 809; x_wconf 90' lang='lat' dir='ltr'>III.,</span> <span class='ocrx_word' id='word_1_78' title='bbox 1574 768 1667 808; x_wconf 76' lang='lat'>1364,</span> <span class='ocrx_word' id='word_1_79' title='bbox 1682 778 1760 809; x_wconf 85' lang='lat' dir='ltr'>may</span> <span class='ocrx_word' id='word_1_80' title='bbox 1777 768 1817 799; x_wconf 89' lang='lat' dir='ltr'>be</span> 
     </span>
     <span class='ocr_line' id='line_1_9' title="bbox 212 822 1471 865; baseline 0.002 -13"><span class='ocrx_word' id='word_1_81' title='bbox 212 822 317 853; x_wconf 83' lang='lat' dir='ltr'>found</span> <span class='ocrx_word' id='word_1_82' title='bbox 336 823 370 854; x_wconf 92' lang='lat' dir='ltr'>in</span> <span class='ocrx_word' id='word_1_83' title='bbox 388 824 544 865; x_wconf 81' lang='lat' dir='ltr'>Rymer&#39;s</span> <span class='ocrx_word' id='word_1_84' title='bbox 560 823 724 864; x_wconf 75' lang='lat' dir='ltr'>Foeclera,</span> <span class='ocrx_word' id='word_1_85' title='bbox 739 823 804 855; x_wconf 82' lang='lat' dir='ltr'>vol.</span> <span class='ocrx_word' id='word_1_86' title='bbox 821 823 869 854; x_wconf 90' lang='lat' dir='ltr'>iii.</span> <span class='ocrx_word' id='word_1_87' title='bbox 886 834 942 864; x_wconf 87' lang='lat' dir='ltr'>pp.</span> <span class='ocrx_word' id='word_1_88' title='bbox 959 823 1032 863; x_wconf 77' lang='lat'>740,</span> <span class='ocrx_word' id='word_1_89' title='bbox 1049 823 1121 863; x_wconf 78' lang='lat'>741,</span> <span class='ocrx_word' id='word_1_90' title='bbox 1137 822 1204 854; x_wconf 89' lang='lat' dir='ltr'>and</span> <span class='ocrx_word' id='word_1_91' title='bbox 1221 822 1248 854; x_wconf 90' lang='lat' dir='ltr'>is</span> <span class='ocrx_word' id='word_1_92' title='bbox 1266 833 1301 855; x_wconf 87' lang='lat' dir='ltr'>as</span> <span class='ocrx_word' id='word_1_93' title='bbox 1317 822 1447 854; x_wconf 83' lang='lat' dir='ltr'><strong>follows</strong></span> <span class='ocrx_word' id='word_1_94' title='bbox 1463 834 1471 854; x_wconf 75' lang='lat' dir='ltr'><em>z</em></span> 
     </span>
    </p>

    <p class='ocr_par' dir='ltr' id='par_1_5' title="bbox 209 875 1819 1459">
     <span class='ocr_line' id='line_1_10' title="bbox 256 875 1817 919; baseline 0 -12"><span class='ocrx_word' id='word_1_95' title='bbox 256 876 331 908; x_wconf 85' lang='lat' dir='ltr'>Rex</span> <span class='ocrx_word' id='word_1_96' title='bbox 357 878 522 909; x_wconf 88' lang='lat' dir='ltr'>universis</span> <span class='ocrx_word' id='word_1_97' title='bbox 556 882 589 909; x_wconf 88' lang='lat' dir='ltr'>et</span> <span class='ocrx_word' id='word_1_98' title='bbox 624 877 765 919; x_wconf 82' lang='lat' dir='ltr'>singulis</span> <span class='ocrx_word' id='word_1_99' title='bbox 791 877 1058 917; x_wconf 86' lang='lat' dir='ltr'>vicecomitibus,</span> <span class='ocrx_word' id='word_1_100' title='bbox 1088 877 1286 918; x_wconf 85' lang='lat' dir='ltr'>majoribus,</span> <span class='ocrx_word' id='word_1_101' title='bbox 1310 877 1453 917; x_wconf 83' lang='lat' dir='ltr'>ballivis,</span> <span class='ocrx_word' id='word_1_102' title='bbox 1477 876 1658 917; x_wconf 70' lang='lat' dir='ltr'>ministris,</span> <span class='ocrx_word' id='word_1_103' title='bbox 1683 880 1718 908; x_wconf 89' lang='lat' dir='ltr'>et</span> <span class='ocrx_word' id='word_1_104' title='bbox 1743 875 1817 908; x_wconf 90' lang='lat' dir='ltr'>aliis</span> 
     </span>
     <span class='ocr_line' id='line_1_11' title="bbox 212 930 1817 972; baseline 0 -11"><span class='ocrx_word' id='word_1_105' title='bbox 212 930 369 962; x_wconf 85' lang='lat' dir='ltr'>fidelibus</span> <span class='ocrx_word' id='word_1_106' title='bbox 387 931 467 972; x_wconf 88' lang='lat' dir='ltr'>suis,</span> <span class='ocrx_word' id='word_1_107' title='bbox 481 936 553 963; x_wconf 90' lang='lat' dir='ltr'>tam</span> <span class='ocrx_word' id='word_1_108' title='bbox 570 931 662 962; x_wconf 87' lang='lat' dir='ltr'>infra</span> <span class='ocrx_word' id='word_1_109' title='bbox 678 931 854 962; x_wconf 78' lang='lat' dir='ltr'>libertates</span> <span class='ocrx_word' id='word_1_110' title='bbox 872 941 975 971; x_wconf 85' lang='lat' dir='ltr'>quam</span> <span class='ocrx_word' id='word_1_111' title='bbox 992 934 1101 970; x_wconf 87' lang='lat' dir='ltr'>extra,</span> <span class='ocrx_word' id='word_1_112' title='bbox 1116 930 1159 961; x_wconf 89' lang='lat' dir='ltr'>ad</span> <span class='ocrx_word' id='word_1_113' title='bbox 1176 941 1270 970; x_wconf 85' lang='lat' dir='ltr'>quos,</span> <span class='ocrx_word' id='word_1_114' title='bbox 1286 933 1360 971; x_wconf 60' lang='grc' dir='ltr'>δια,</span> <span class='ocrx_word' id='word_1_115' title='bbox 1376 931 1533 962; x_wconf 85' lang='lat' dir='ltr'>salutem.</span> <span class='ocrx_word' id='word_1_116' title='bbox 1585 930 1708 962; x_wconf 85' lang='lat' dir='ltr'>Sciatis</span> <span class='ocrx_word' id='word_1_117' title='bbox 1726 930 1817 971; x_wconf 86' lang='lat' dir='ltr'>quod</span> 
     </span>
     <span class='ocr_line' id='line_1_12' title="bbox 213 983 1818 1024; baseline -0.001 -8"><span class='ocrx_word' id='word_1_118' title='bbox 213 995 291 1016; x_wconf 87' lang='lat' dir='ltr'>cum</span> <span class='ocrx_word' id='word_1_119' title='bbox 317 985 433 1016; x_wconf 80' lang='lat' dir='ltr'>dilecti</span> <span class='ocrx_word' id='word_1_120' title='bbox 459 989 493 1016; x_wconf 88' lang='lat' dir='ltr'>et</span> <span class='ocrx_word' id='word_1_121' title='bbox 520 985 636 1016; x_wconf 89' lang='lat' dir='ltr'>fideles</span> <span class='ocrx_word' id='word_1_122' title='bbox 662 985 771 1016; x_wconf 77' lang='lat' dir='ltr'>nostri</span> <span class='ocrx_word' id='word_1_123' title='bbox 799 984 975 1016; x_wconf 82' lang='lat' dir='ltr'>Johannes</span> <span class='ocrx_word' id='word_1_124' title='bbox 1006 983 1037 1014; x_wconf 91' lang='lat' dir='ltr'>le</span> <span class='ocrx_word' id='word_1_125' title='bbox 1065 983 1221 1024; x_wconf 85' lang='lat' dir='ltr'>Botiller,</span> <span class='ocrx_word' id='word_1_126' title='bbox 1252 984 1429 1015; x_wconf 87' lang='lat' dir='ltr'>Galfridus</span> <span class='ocrx_word' id='word_1_127' title='bbox 1461 985 1501 1016; x_wconf 90' lang='lat' dir='ltr'>de</span> <span class='ocrx_word' id='word_1_128' title='bbox 1528 984 1752 1023; x_wconf 74' lang='lat' dir='ltr'>VVerberton,</span> <span class='ocrx_word' id='word_1_129' title='bbox 1783 988 1818 1015; x_wconf 84' lang='lat' dir='ltr'>et</span> 
     </span>
     <span class='ocr_line' id='line_1_13' title="bbox 213 1037 1816 1080; baseline -0.001 -10"><span class='ocrx_word' id='word_1_130' title='bbox 213 1040 375 1071; x_wconf 84' lang='lat' dir='ltr'>Matheus</span> <span class='ocrx_word' id='word_1_131' title='bbox 392 1041 432 1071; x_wconf 90' lang='lat' dir='ltr'>de</span> <span class='ocrx_word' id='word_1_132' title='bbox 450 1040 594 1078; x_wconf 84' lang='lat' dir='ltr'>Rixt0n‚</span> <span class='ocrx_word' id='word_1_133' title='bbox 610 1039 780 1080; x_wconf 83' lang='lat' dir='ltr'>quendam</span> <span class='ocrx_word' id='word_1_134' title='bbox 797 1042 936 1079; x_wconf 89' lang='lat' dir='ltr'>pontem</span> <span class='ocrx_word' id='word_1_135' title='bbox 953 1038 1046 1069; x_wconf 83' lang='lat' dir='ltr'>ultra</span> <span class='ocrx_word' id='word_1_136' title='bbox 1061 1048 1185 1078; x_wconf 85' lang='lat' dir='ltr'>aquam</span> <span class='ocrx_word' id='word_1_137' title='bbox 1197 1038 1237 1068; x_wconf 86' lang='lat' dir='ltr'>de</span> <span class='ocrx_word' id='word_1_138' title='bbox 1250 1038 1370 1079; x_wconf 87' lang='lat' dir='ltr'>Mercy</span> <span class='ocrx_word' id='word_1_139' title='bbox 1386 1037 1478 1069; x_wconf 88' lang='lat' dir='ltr'>infra</span> <span class='ocrx_word' id='word_1_140' title='bbox 1495 1037 1687 1069; x_wconf 86' lang='lat' dir='ltr'>dominium</span> <span class='ocrx_word' id='word_1_141' title='bbox 1704 1044 1816 1077; x_wconf 84' lang='lat' dir='ltr'>suum,</span> 
     </span>
     <span class='ocr_line' id='line_1_14' title="bbox 213 1090 1817 1133; baseline -0.002 -8"><span class='ocrx_word' id='word_1_142' title='bbox 213 1094 366 1125; x_wconf 84' lang='lat' dir='ltr'>caritatis</span> <span class='ocrx_word' id='word_1_143' title='bbox 382 1093 524 1133; x_wconf 83' lang='lat' dir='ltr'>intuitu,</span> <span class='ocrx_word' id='word_1_144' title='bbox 541 1094 581 1124; x_wconf 87' lang='lat' dir='ltr'>de</span> <span class='ocrx_word' id='word_1_145' title='bbox 598 1104 684 1124; x_wconf 87' lang='lat' dir='ltr'>novo</span> <span class='ocrx_word' id='word_1_146' title='bbox 700 1096 909 1132; x_wconf 89' lang='lat' dir='ltr'>construere,</span> <span class='ocrx_word' id='word_1_147' title='bbox 930 1095 963 1122; x_wconf 85' lang='lat' dir='ltr'>et</span> <span class='ocrx_word' id='word_1_148' title='bbox 986 1091 1028 1123; x_wconf 85' lang='lat' dir='ltr'>ad</span> <span class='ocrx_word' id='word_1_149' title='bbox 1049 1091 1340 1131; x_wconf 78' lang='lat' dir='ltr'>tranquillitatem</span> <span class='ocrx_word' id='word_1_150' title='bbox 1357 1096 1390 1123; x_wconf 88' lang='lat' dir='ltr'>et</span> <span class='ocrx_word' id='word_1_151' title='bbox 1408 1091 1559 1132; x_wconf 86' lang='lat' dir='ltr'>quietem</span> <span class='ocrx_word' id='word_1_152' title='bbox 1575 1091 1692 1133; x_wconf 89' lang='lat' dir='ltr'>populi</span> <span class='ocrx_word' id='word_1_153' title='bbox 1708 1090 1817 1122; x_wconf 81' lang='lat' dir='ltr'>nostri</span> 
     </span>
     <span class='ocr_line' id='line_1_15' title="bbox 213 1144 1815 1189; baseline -0.001 -11"><span class='ocrx_word' id='word_1_154' title='bbox 213 1148 366 1189; x_wconf 84' lang='lat' dir='ltr'>partium</span> <span class='ocrx_word' id='word_1_155' title='bbox 393 1148 530 1179; x_wconf 82' lang='lat' dir='ltr'>illarum</span> <span class='ocrx_word' id='word_1_156' title='bbox 556 1158 594 1179; x_wconf 88' lang='lat' dir='ltr'>ac</span> <span class='ocrx_word' id='word_1_157' title='bbox 620 1147 769 1187; x_wconf 82' lang='lat' dir='ltr'>aliunde,</span> <span class='ocrx_word' id='word_1_158' title='bbox 793 1146 920 1177; x_wconf 87' lang='lat' dir='ltr'>ibidem</span> <span class='ocrx_word' id='word_1_159' title='bbox 936 1146 1163 1177; x_wconf 88' lang='lat' dir='ltr'>transfretare</span> <span class='ocrx_word' id='word_1_160' title='bbox 1180 1146 1381 1186; x_wconf 88' lang='lat' dir='ltr'>volentium,</span> <span class='ocrx_word' id='word_1_161' title='bbox 1397 1157 1434 1177; x_wconf 90' lang='lat' dir='ltr'>ac</span> <span class='ocrx_word' id='word_1_162' title='bbox 1451 1145 1556 1177; x_wconf 89' lang='lat' dir='ltr'>etiam</span> <span class='ocrx_word' id='word_1_163' title='bbox 1580 1156 1641 1187; x_wconf 90' lang='lat' dir='ltr'>pro</span> <span class='ocrx_word' id='word_1_164' title='bbox 1668 1144 1815 1186; x_wconf 84' lang='lat' dir='ltr'>cariagio</span> 
     </span>
     <span class='ocr_line' id='line_1_16' title="bbox 213 1197 1819 1243; baseline -0.002 -10"><span class='ocrx_word' id='word_1_165' title='bbox 213 1206 401 1243; x_wconf 88' lang='lat' dir='ltr'>petrarum,</span> <span class='ocrx_word' id='word_1_166' title='bbox 416 1201 572 1242; x_wconf 86' lang='lat' dir='ltr'>calcium,</span> <span class='ocrx_word' id='word_1_167' title='bbox 587 1205 621 1232; x_wconf 89' lang='lat' dir='ltr'>et</span> <span class='ocrx_word' id='word_1_168' title='bbox 638 1201 783 1233; x_wconf 86' lang='lat' dir='ltr'>aliarum</span> <span class='ocrx_word' id='word_1_169' title='bbox 796 1211 912 1232; x_wconf 90' lang='lat' dir='ltr'>rerum</span> <span class='ocrx_word' id='word_1_170' title='bbox 929 1211 989 1241; x_wconf 87' lang='lat' dir='ltr'>pro</span> <span class='ocrx_word' id='word_1_171' title='bbox 1007 1200 1261 1232; x_wconf 88' lang='lat' dir='ltr'>construetione</span> <span class='ocrx_word' id='word_1_172' title='bbox 1279 1200 1392 1241; x_wconf 87' lang='lat' dir='ltr'>pontis</span> <span class='ocrx_word' id='word_1_173' title='bbox 1409 1199 1512 1239; x_wconf 89' lang='lat' dir='ltr'>illius,</span> <span class='ocrx_word' id='word_1_174' title='bbox 1528 1199 1699 1240; x_wconf 86' lang='lat' dir='ltr'>quendam</span> <span class='ocrx_word' id='word_1_175' title='bbox 1711 1197 1819 1229; x_wconf 87' lang='lat' dir='ltr'>batel-</span> 
     </span>
     <span class='ocr_line' id='line_1_17' title="bbox 212 1253 1818 1296; baseline -0.003 -9"><span class='ocrx_word' id='word_1_176' title='bbox 212 1256 297 1296; x_wconf 90' lang='lat' dir='ltr'>lum,</span> <span class='ocrx_word' id='word_1_177' title='bbox 311 1259 471 1287; x_wconf 86' lang='lat' dir='ltr'>vocatum</span> <span class='ocrx_word' id='word_1_178' title='bbox 488 1255 520 1287; x_wconf 89' lang='lat' dir='ltr'>la</span> <span class='ocrx_word' id='word_1_179' title='bbox 537 1255 715 1295; x_wconf 82' lang='lat' dir='ltr'>Cristofre,</span> <span class='ocrx_word' id='word_1_180' title='bbox 739 1254 866 1286; x_wconf 87' lang='lat' dir='ltr'>ibidem</span> <span class='ocrx_word' id='word_1_181' title='bbox 889 1254 1047 1285; x_wconf 86' lang='lat' dir='ltr'>ordinare</span> <span class='ocrx_word' id='word_1_182' title='bbox 1073 1258 1277 1295; x_wconf 85' lang='lat' dir='ltr'>proponant,</span> <span class='ocrx_word' id='word_1_183' title='bbox 1303 1258 1342 1285; x_wconf 87' lang='lat' dir='ltr'>ut</span> <span class='ocrx_word' id='word_1_184' title='bbox 1368 1253 1571 1295; x_wconf 89' lang='lat' dir='ltr'>accepimus,</span> <span class='ocrx_word' id='word_1_185' title='bbox 1596 1264 1634 1285; x_wconf 90' lang='lat' dir='ltr'>ac</span> <span class='ocrx_word' id='word_1_186' title='bbox 1659 1255 1818 1284; x_wconf 87' lang='lat' dir='ltr'>metuant</span> 
     </span>
     <span class='ocr_line' id='line_1_18' title="bbox 209 1306 1816 1350; baseline -0.002 -9"><span class='ocrx_word' id='word_1_187' title='bbox 209 1315 282 1342; x_wconf 89' lang='lat' dir='ltr'>tam</span> <span class='ocrx_word' id='word_1_188' title='bbox 298 1309 373 1349; x_wconf 90' lang='lat' dir='ltr'>sibi,</span> <span class='ocrx_word' id='word_1_189' title='bbox 390 1309 625 1350; x_wconf 80' lang='lat' dir='ltr'>carpentariis,</span> <span class='ocrx_word' id='word_1_190' title='bbox 649 1308 877 1348; x_wconf 80' lang='lat' dir='ltr'>cementariis,</span> <span class='ocrx_word' id='word_1_191' title='bbox 893 1308 1040 1348; x_wconf 85' lang='lat' dir='ltr'>latomis,</span> <span class='ocrx_word' id='word_1_192' title='bbox 1055 1311 1089 1339; x_wconf 88' lang='lat' dir='ltr'>et</span> <span class='ocrx_word' id='word_1_193' title='bbox 1106 1307 1180 1339; x_wconf 86' lang='lat' dir='ltr'>aliis</span> <span class='ocrx_word' id='word_1_194' title='bbox 1197 1308 1359 1349; x_wconf 86' lang='lat' dir='ltr'>operariis</span> <span class='ocrx_word' id='word_1_195' title='bbox 1377 1318 1480 1349; x_wconf 87' lang='lat' dir='ltr'>quam</span> <span class='ocrx_word' id='word_1_196' title='bbox 1496 1307 1622 1339; x_wconf 87' lang='lat' dir='ltr'>batello</span> <span class='ocrx_word' id='word_1_197' title='bbox 1640 1306 1816 1347; x_wconf 73' lang='lat' dir='ltr'>praedicto,</span> 
     </span>
     <span class='ocr_line' id='line_1_19' title="bbox 211 1360 1817 1404; baseline -0.002 -9"><span class='ocrx_word' id='word_1_198' title='bbox 211 1368 246 1396; x_wconf 88' lang='lat' dir='ltr'>et</span> <span class='ocrx_word' id='word_1_199' title='bbox 263 1364 455 1395; x_wconf 85' lang='lat' dir='ltr'>marinariis</span> <span class='ocrx_word' id='word_1_200' title='bbox 472 1364 507 1395; x_wconf 93' lang='lat' dir='ltr'>in</span> <span class='ocrx_word' id='word_1_201' title='bbox 524 1374 561 1395; x_wconf 91' lang='lat' dir='ltr'>eo</span> <span class='ocrx_word' id='word_1_202' title='bbox 581 1363 820 1403; x_wconf 79' lang='lat' dir='ltr'>existentibus,</span> <span class='ocrx_word' id='word_1_203' title='bbox 843 1374 904 1404; x_wconf 89' lang='lat' dir='ltr'>per</span> <span class='ocrx_word' id='word_1_204' title='bbox 925 1363 1089 1403; x_wconf 81' lang='lat' dir='ltr'>quosdam</span> <span class='ocrx_word' id='word_1_205' title='bbox 1105 1363 1233 1395; x_wconf 83' lang='lat' dir='ltr'>emulos</span> <span class='ocrx_word' id='word_1_206' title='bbox 1250 1373 1326 1395; x_wconf 87' lang='lat' dir='ltr'>suos</span> <span class='ocrx_word' id='word_1_207' title='bbox 1343 1366 1377 1394; x_wconf 87' lang='lat' dir='ltr'>et</span> <span class='ocrx_word' id='word_1_208' title='bbox 1394 1372 1511 1394; x_wconf 88' lang='lat' dir='ltr'>eorum</span> <span class='ocrx_word' id='word_1_209' title='bbox 1528 1360 1817 1403; x_wconf 80' lang='lat' dir='ltr'>procurationem,</span> 
     </span>
     <span class='ocr_line' id='line_1_20' title="bbox 211 1417 1118 1459; baseline -0.001 -9"><span class='ocrx_word' id='word_1_210' title='bbox 211 1418 399 1459; x_wconf 87' lang='lat' dir='ltr'>dampnum</span> <span class='ocrx_word' id='word_1_211' title='bbox 416 1417 468 1449; x_wconf 90' lang='lat' dir='ltr'>vel</span> <span class='ocrx_word' id='word_1_212' title='bbox 485 1417 676 1458; x_wconf 88' lang='lat' dir='ltr'>pericnlum</span> <span class='ocrx_word' id='word_1_213' title='bbox 693 1429 788 1459; x_wconf 78' lang='lat' dir='ltr'>posse</span> <span class='ocrx_word' id='word_1_214' title='bbox 805 1418 845 1449; x_wconf 91' lang='lat' dir='ltr'>de</span> <span class='ocrx_word' id='word_1_215' title='bbox 862 1418 955 1450; x_wconf 87' lang='lat' dir='ltr'>facili</span> <span class='ocrx_word' id='word_1_216' title='bbox 972 1418 1118 1450; x_wconf 87' lang='lat' dir='ltr'>evenire.</span> 
     </span>
    </p>

    <p class='ocr_par' dir='ltr' id='par_1_6' title="bbox 210 1468 1822 1841">
     <span class='ocr_line' id='line_1_21' title="bbox 254 1468 1814 1514; baseline -0.003 -10"><span class='ocrx_word' id='word_1_217' title='bbox 254 1473 337 1513; x_wconf 77' lang='lat' dir='ltr'>Nos,</span> <span class='ocrx_word' id='word_1_218' title='bbox 353 1472 395 1504; x_wconf 87' lang='lat' dir='ltr'>ad</span> <span class='ocrx_word' id='word_1_219' title='bbox 411 1472 584 1514; x_wconf 80' lang='lat' dir='ltr'>praemissa</span> <span class='ocrx_word' id='word_1_220' title='bbox 601 1473 907 1504; x_wconf 81' lang='lat' dir='ltr'>considerationem</span> <span class='ocrx_word' id='word_1_221' title='bbox 923 1473 1101 1512; x_wconf 85' lang='lat' dir='ltr'>habentes,</span> <span class='ocrx_word' id='word_1_222' title='bbox 1116 1483 1154 1504; x_wconf 88' lang='lat' dir='ltr'>ac</span> <span class='ocrx_word' id='word_1_223' title='bbox 1171 1483 1272 1512; x_wconf 86' lang='lat' dir='ltr'>opera</span> <span class='ocrx_word' id='word_1_224' title='bbox 1289 1471 1443 1504; x_wconf 89' lang='lat' dir='ltr'>caritatis</span> <span class='ocrx_word' id='word_1_225' title='bbox 1459 1470 1585 1502; x_wconf 86' lang='lat' dir='ltr'>nostris</span> <span class='ocrx_word' id='word_1_226' title='bbox 1602 1468 1814 1510; x_wconf 87' lang='lat' dir='ltr'>temporibus</span> 
     </span>
     <span class='ocr_line' id='line_1_22' title="bbox 212 1527 1815 1570; baseline -0.002 -10"><span class='ocrx_word' id='word_1_227' title='bbox 212 1528 428 1560; x_wconf 87' lang='lat' dir='ltr'>manuteneri</span> <span class='ocrx_word' id='word_1_228' title='bbox 444 1529 607 1569; x_wconf 86' lang='lat' dir='ltr'>volentes,</span> <span class='ocrx_word' id='word_1_229' title='bbox 623 1529 831 1570; x_wconf 82' lang='lat' dir='ltr'>suscepimus</span> <span class='ocrx_word' id='word_1_230' title='bbox 848 1528 936 1570; x_wconf 86' lang='lat' dir='ltr'>ipsos</span> <span class='ocrx_word' id='word_1_231' title='bbox 954 1529 978 1560; x_wconf 85' lang='lat' dir='ltr'><strong>J</strong></span> <span class='ocrx_word' id='word_1_232' title='bbox 981 1529 1161 1569; x_wconf 88' lang='lat' dir='ltr'>ohannem,</span> <span class='ocrx_word' id='word_1_233' title='bbox 1186 1528 1394 1567; x_wconf 84' lang='lat' dir='ltr'>Galfridum,</span> <span class='ocrx_word' id='word_1_234' title='bbox 1417 1531 1451 1559; x_wconf 88' lang='lat' dir='ltr'>et</span> <span class='ocrx_word' id='word_1_235' title='bbox 1478 1527 1672 1566; x_wconf 88' lang='lat' dir='ltr'>Matheum,</span> <span class='ocrx_word' id='word_1_236' title='bbox 1687 1536 1725 1557; x_wconf 91' lang='lat' dir='ltr'>ac</span> <span class='ocrx_word' id='word_1_237' title='bbox 1743 1536 1815 1556; x_wconf 88' lang='lat' dir='ltr'>car-</span> 
     </span>
     <span class='ocr_line' id='line_1_23' title="bbox 211 1579 1817 1624; baseline -0.002 -10"><span class='ocrx_word' id='word_1_238' title='bbox 211 1583 396 1624; x_wconf 85' lang='lat' dir='ltr'>pentarios,</span> <span class='ocrx_word' id='word_1_239' title='bbox 420 1583 656 1623; x_wconf 83' lang='lat' dir='ltr'>cementarios,</span> <span class='ocrx_word' id='word_1_240' title='bbox 679 1583 835 1623; x_wconf 86' lang='lat' dir='ltr'>latomos,</span> <span class='ocrx_word' id='word_1_241' title='bbox 857 1587 892 1614; x_wconf 91' lang='lat' dir='ltr'>et</span> <span class='ocrx_word' id='word_1_242' title='bbox 914 1583 996 1614; x_wconf 89' lang='lat' dir='ltr'>alios</span> <span class='ocrx_word' id='word_1_243' title='bbox 1012 1582 1193 1624; x_wconf 88' lang='lat' dir='ltr'>operarios,</span> <span class='ocrx_word' id='word_1_244' title='bbox 1209 1593 1246 1614; x_wconf 89' lang='lat' dir='ltr'>ac</span> <span class='ocrx_word' id='word_1_245' title='bbox 1264 1592 1380 1614; x_wconf 91' lang='lat' dir='ltr'>eornm</span> <span class='ocrx_word' id='word_1_246' title='bbox 1397 1581 1550 1613; x_wconf 86' lang='lat' dir='ltr'>homines</span> <span class='ocrx_word' id='word_1_247' title='bbox 1568 1584 1601 1611; x_wconf 88' lang='lat' dir='ltr'>et</span> <span class='ocrx_word' id='word_1_248' title='bbox 1618 1579 1817 1619; x_wconf 80' lang='lat' dir='ltr'>servientes,</span> 
     </span>
     <span class='ocr_line' id='line_1_24' title="bbox 211 1633 1817 1679; baseline -0.004 -10"><span class='ocrx_word' id='word_1_249' title='bbox 211 1648 343 1669; x_wconf 88' lang='lat' dir='ltr'>necnon</span> <span class='ocrx_word' id='word_1_250' title='bbox 358 1638 524 1669; x_wconf 86' lang='lat' dir='ltr'>batellum</span> <span class='ocrx_word' id='word_1_251' title='bbox 540 1638 743 1679; x_wconf 85' lang='lat' dir='ltr'>praedictnm</span> <span class='ocrx_word' id='word_1_252' title='bbox 760 1642 794 1669; x_wconf 93' lang='lat' dir='ltr'>et</span> <span class='ocrx_word' id='word_1_253' title='bbox 811 1637 1012 1669; x_wconf 87' lang='lat' dir='ltr'>marinarios</span> <span class='ocrx_word' id='word_1_254' title='bbox 1031 1638 1067 1669; x_wconf 93' lang='lat' dir='ltr'>in</span> <span class='ocrx_word' id='word_1_255' title='bbox 1083 1648 1120 1668; x_wconf 89' lang='lat' dir='ltr'>eo</span> <span class='ocrx_word' id='word_1_256' title='bbox 1137 1637 1336 1676; x_wconf 79' lang='lat' dir='ltr'>existentes,</span> <span class='ocrx_word' id='word_1_257' title='bbox 1350 1640 1423 1667; x_wconf 89' lang='lat' dir='ltr'>tam</span> <span class='ocrx_word' id='word_1_258' title='bbox 1439 1639 1564 1676; x_wconf 85' lang='lat' dir='ltr'>petras,</span> <span class='ocrx_word' id='word_1_259' title='bbox 1581 1633 1817 1673; x_wconf 86' lang='lat' dir='ltr'>maeremium,</span> 
     </span>
     <span class='ocr_line' id='line_1_25' title="bbox 211 1687 1811 1733; baseline -0.003 -10"><span class='ocrx_word' id='word_1_260' title='bbox 211 1696 245 1724; x_wconf 89' lang='lat' dir='ltr'>et</span> <span class='ocrx_word' id='word_1_261' title='bbox 262 1691 328 1723; x_wconf 87' lang='lat' dir='ltr'>alia</span> <span class='ocrx_word' id='word_1_262' title='bbox 343 1691 532 1723; x_wconf 82' lang='lat' dir='ltr'>necessaria</span> <span class='ocrx_word' id='word_1_263' title='bbox 548 1702 608 1732; x_wconf 92' lang='lat' dir='ltr'>pro</span> <span class='ocrx_word' id='word_1_264' title='bbox 625 1691 879 1724; x_wconf 87' lang='lat' dir='ltr'>constructione</span> <span class='ocrx_word' id='word_1_265' title='bbox 896 1691 1010 1733; x_wconf 89' lang='lat' dir='ltr'>pontis</span> <span class='ocrx_word' id='word_1_266' title='bbox 1027 1690 1194 1732; x_wconf 85' lang='lat' dir='ltr'>praedicti,</span> <span class='ocrx_word' id='word_1_267' title='bbox 1206 1701 1308 1731; x_wconf 89' lang='lat' dir='ltr'>quam</span> <span class='ocrx_word' id='word_1_268' title='bbox 1325 1689 1478 1721; x_wconf 87' lang='lat' dir='ltr'>homines</span> <span class='ocrx_word' id='word_1_269' title='bbox 1496 1688 1647 1730; x_wconf 88' lang='lat' dir='ltr'>partium</span> <span class='ocrx_word' id='word_1_270' title='bbox 1662 1687 1811 1727; x_wconf 87' lang='lat' dir='ltr'>illarum,</span> 
     </span>
     <span class='ocr_line' id='line_1_26' title="bbox 211 1741 1822 1786; baseline -0.003 -9"><span class='ocrx_word' id='word_1_271' title='bbox 211 1750 245 1777; x_wconf 90' lang='lat' dir='ltr'>et</span> <span class='ocrx_word' id='word_1_272' title='bbox 262 1746 399 1777; x_wconf 86' lang='lat' dir='ltr'>aliunde</span> <span class='ocrx_word' id='word_1_273' title='bbox 416 1746 508 1777; x_wconf 88' lang='lat' dir='ltr'>ultra</span> <span class='ocrx_word' id='word_1_274' title='bbox 521 1755 644 1786; x_wconf 86' lang='lat' dir='ltr'>aquam</span> <span class='ocrx_word' id='word_1_275' title='bbox 656 1745 855 1786; x_wconf 75' lang='lat' dir='ltr'>praedictam</span> <span class='ocrx_word' id='word_1_276' title='bbox 865 1745 992 1776; x_wconf 86' lang='lat' dir='ltr'>ibidem</span> <span class='ocrx_word' id='word_1_277' title='bbox 1005 1743 1225 1776; x_wconf 83' lang='lat' dir='ltr'>transfretari</span> <span class='ocrx_word' id='word_1_278' title='bbox 1238 1743 1401 1783; x_wconf 84' lang='lat' dir='ltr'>volentes,</span> <span class='ocrx_word' id='word_1_279' title='bbox 1412 1742 1567 1774; x_wconf 88' lang='lat' dir='ltr'>ducendo</span> <span class='ocrx_word' id='word_1_280' title='bbox 1581 1746 1615 1773; x_wconf 88' lang='lat' dir='ltr'>et</span> <span class='ocrx_word' id='word_1_281' title='bbox 1630 1741 1822 1781; x_wconf 90' lang='lat' dir='ltr'>educendo,</span> 
     </span>
     <span class='ocr_line' id='line_1_27' title="bbox 210 1798 1189 1841; baseline -0.003 -10"><span class='ocrx_word' id='word_1_282' title='bbox 210 1800 246 1831; x_wconf 92' lang='lat' dir='ltr'>in</span> <span class='ocrx_word' id='word_1_283' title='bbox 262 1799 511 1841; x_wconf 87' lang='lat' dir='ltr'>protectionem</span> <span class='ocrx_word' id='word_1_284' title='bbox 527 1804 561 1830; x_wconf 87' lang='lat' dir='ltr'>et</span> <span class='ocrx_word' id='word_1_285' title='bbox 579 1799 809 1830; x_wconf 85' lang='lat' dir='ltr'>defensionem</span> <span class='ocrx_word' id='word_1_286' title='bbox 826 1803 979 1830; x_wconf 86' lang='lat' dir='ltr'>nostram</span> <span class='ocrx_word' id='word_1_287' title='bbox 998 1798 1189 1839; x_wconf 84' lang='lat' dir='ltr'>specialem.</span> 
     </span>
    </p>

    <p class='ocr_par' dir='ltr' id='par_1_7' title="bbox 212 1849 1820 2110">
     <span class='ocr_line' id='line_1_28' title="bbox 255 1849 1818 1893; baseline -0.003 -8"><span class='ocrx_word' id='word_1_288' title='bbox 255 1854 303 1885; x_wconf 87' lang='lat' dir='ltr'>Et</span> <span class='ocrx_word' id='word_1_289' title='bbox 319 1854 393 1885; x_wconf 88' lang='lat' dir='ltr'>ideo</span> <span class='ocrx_word' id='word_1_290' title='bbox 410 1853 503 1885; x_wconf 89' lang='lat' dir='ltr'>vobis</span> <span class='ocrx_word' id='word_1_291' title='bbox 519 1854 720 1884; x_wconf 79' lang='lat' dir='ltr'>mandamns</span> <span class='ocrx_word' id='word_1_292' title='bbox 738 1853 827 1893; x_wconf 84' lang='lat' dir='ltr'>quod</span> <span class='ocrx_word' id='word_1_293' title='bbox 845 1853 971 1884; x_wconf 85' lang='lat' dir='ltr'>eisdem</span> <span class='ocrx_word' id='word_1_294' title='bbox 988 1852 1011 1883; x_wconf 87' lang='lat' dir='ltr'>J</span> <span class='ocrx_word' id='word_1_295' title='bbox 1014 1852 1152 1892; x_wconf 85' lang='lat' dir='ltr'>ohanni,</span> <span class='ocrx_word' id='word_1_296' title='bbox 1169 1851 1338 1891; x_wconf 80' lang='lat' dir='ltr'>Galfrido,</span> <span class='ocrx_word' id='word_1_297' title='bbox 1359 1855 1393 1882; x_wconf 89' lang='lat' dir='ltr'>et</span> <span class='ocrx_word' id='word_1_298' title='bbox 1411 1851 1565 1890; x_wconf 79' lang='lat' dir='ltr'>Matheo,</span> <span class='ocrx_word' id='word_1_299' title='bbox 1581 1849 1818 1890; x_wconf 85' lang='lat' dir='ltr'>carpentariis,</span> 
     </span>
     <span class='ocr_line' id='line_1_29' title="bbox 212 1904 1820 1947; baseline -0.003 -8"><span class='ocrx_word' id='word_1_300' title='bbox 212 1907 440 1947; x_wconf 85' lang='lat' dir='ltr'>cementariis,</span> <span class='ocrx_word' id='word_1_301' title='bbox 464 1906 611 1946; x_wconf 82' lang='lat' dir='ltr'>latomis,</span> <span class='ocrx_word' id='word_1_302' title='bbox 637 1910 670 1937; x_wconf 86' lang='lat' dir='ltr'>et</span> <span class='ocrx_word' id='word_1_303' title='bbox 698 1906 771 1937; x_wconf 86' lang='lat' dir='ltr'>aliis</span> <span class='ocrx_word' id='word_1_304' title='bbox 797 1906 972 1946; x_wconf 86' lang='lat' dir='ltr'>operariis,</span> <span class='ocrx_word' id='word_1_305' title='bbox 997 1916 1055 1936; x_wconf 89' lang='lat' dir='ltr'>sen</span> <span class='ocrx_word' id='word_1_306' title='bbox 1077 1916 1194 1936; x_wconf 90' lang='lat' dir='ltr'>eorum</span> <span class='ocrx_word' id='word_1_307' title='bbox 1216 1904 1410 1936; x_wconf 90' lang='lat' dir='ltr'>hominibus</span> <span class='ocrx_word' id='word_1_308' title='bbox 1436 1908 1470 1935; x_wconf 89' lang='lat' dir='ltr'>et</span> <span class='ocrx_word' id='word_1_309' title='bbox 1497 1904 1735 1944; x_wconf 84' lang='lat' dir='ltr'>servientibus,</span> <span class='ocrx_word' id='word_1_310' title='bbox 1759 1906 1820 1935; x_wconf 82' lang='lat' dir='ltr'>aut</span> 
     </span>
     <span class='ocr_line' id='line_1_30' title="bbox 212 1957 1818 2000; baseline -0.003 -7"><span class='ocrx_word' id='word_1_311' title='bbox 212 1962 336 1994; x_wconf 90' lang='lat' dir='ltr'>batello</span> <span class='ocrx_word' id='word_1_312' title='bbox 363 1962 416 1992; x_wconf 83' lang='lat' dir='ltr'>vel</span> <span class='ocrx_word' id='word_1_313' title='bbox 446 1960 640 1992; x_wconf 86' lang='lat' dir='ltr'>marinariis</span> <span class='ocrx_word' id='word_1_314' title='bbox 665 1960 848 2000; x_wconf 61' lang='lat' dir='ltr'>praedictis,</span> <span class='ocrx_word' id='word_1_315' title='bbox 875 1971 943 1990; x_wconf 91' lang='lat' dir='ltr'>non</span> <span class='ocrx_word' id='word_1_316' title='bbox 969 1959 1125 1991; x_wconf 82' lang='lat' dir='ltr'>inferatis</span> <span class='ocrx_word' id='word_1_317' title='bbox 1151 1970 1209 1991; x_wconf 88' lang='lat' dir='ltr'>seu</span> <span class='ocrx_word' id='word_1_318' title='bbox 1235 1963 1403 2000; x_wconf 87' lang='lat' dir='ltr'>quantum</span> <span class='ocrx_word' id='word_1_319' title='bbox 1424 1958 1460 1989; x_wconf 90' lang='lat' dir='ltr'>in</span> <span class='ocrx_word' id='word_1_320' title='bbox 1476 1958 1570 1989; x_wconf 84' lang='lat' dir='ltr'>vobis</span> <span class='ocrx_word' id='word_1_321' title='bbox 1591 1961 1654 1997; x_wconf 90' lang='lat' dir='ltr'>est,</span> <span class='ocrx_word' id='word_1_322' title='bbox 1676 1958 1718 1988; x_wconf 85' lang='lat' dir='ltr'>ab</span> <span class='ocrx_word' id='word_1_323' title='bbox 1743 1957 1818 1989; x_wconf 86' lang='lat' dir='ltr'>aliis</span> 
     </span>
     <span class='ocr_line' id='line_1_31' title="bbox 212 2011 1818 2056; baseline -0.002 -10"><span class='ocrx_word' id='word_1_324' title='bbox 212 2015 333 2046; x_wconf 89' lang='lat' dir='ltr'>inferri</span> <span class='ocrx_word' id='word_1_325' title='bbox 358 2013 581 2056; x_wconf 84' lang='lat' dir='ltr'>permittatis,</span> <span class='ocrx_word' id='word_1_326' title='bbox 611 2012 774 2054; x_wconf 87' lang='lat' dir='ltr'>injuriam</span> <span class='ocrx_word' id='word_1_327' title='bbox 801 2012 1005 2052; x_wconf 85' lang='lat' dir='ltr'>molestiam,</span> <span class='ocrx_word' id='word_1_328' title='bbox 1035 2013 1234 2053; x_wconf 87' lang='lat' dir='ltr'>dampnum,</span> <span class='ocrx_word' id='word_1_329' title='bbox 1264 2011 1550 2052; x_wconf 78' lang='lat' dir='ltr'>impedimentum</span> <span class='ocrx_word' id='word_1_330' title='bbox 1580 2011 1729 2051; x_wconf 90' lang='lat' dir='ltr'>aliquod,</span> <span class='ocrx_word' id='word_1_331' title='bbox 1759 2021 1818 2042; x_wconf 89' lang='lat' dir='ltr'>seu</span> 
     </span>
     <span class='ocr_line' id='line_1_32' title="bbox 212 2079 406 2110; baseline 0 -10"><span class='ocrx_word' id='word_1_332' title='bbox 212 2079 406 2110; x_wconf 80' lang='lat' dir='ltr'>gravamen.</span> 
     </span>
    </p>

    <p class='ocr_par' dir='ltr' id='par_1_8' title="bbox 212 2118 1817 2210">
     <span class='ocr_line' id='line_1_33' title="bbox 257 2118 1817 2163; baseline -0.003 -8"><span class='ocrx_word' id='word_1_333' title='bbox 257 2124 304 2155; x_wconf 87' lang='lat' dir='ltr'>Et</span> <span class='ocrx_word' id='word_1_334' title='bbox 322 2123 349 2154; x_wconf 90' lang='lat' dir='ltr'>si</span> <span class='ocrx_word' id='word_1_335' title='bbox 366 2122 448 2163; x_wconf 92' lang='lat' dir='ltr'>quid</span> <span class='ocrx_word' id='word_1_336' title='bbox 465 2122 523 2162; x_wconf 91' lang='lat' dir='ltr'>eis,</span> <span class='ocrx_word' id='word_1_337' title='bbox 545 2121 598 2152; x_wconf 90' lang='lat' dir='ltr'>vel</span> <span class='ocrx_word' id='word_1_338' title='bbox 615 2130 733 2152; x_wconf 89' lang='lat' dir='ltr'>eorum</span> <span class='ocrx_word' id='word_1_339' title='bbox 749 2119 864 2160; x_wconf 89' lang='lat' dir='ltr'>alicui,</span> <span class='ocrx_word' id='word_1_340' title='bbox 879 2119 1096 2152; x_wconf 86' lang='lat' dir='ltr'>forisfactum</span> <span class='ocrx_word' id='word_1_341' title='bbox 1112 2120 1165 2151; x_wconf 87' lang='lat' dir='ltr'>vel</span> <span class='ocrx_word' id='word_1_342' title='bbox 1183 2119 1387 2161; x_wconf 86' lang='lat' dir='ltr'>injuriatum</span> <span class='ocrx_word' id='word_1_343' title='bbox 1403 2119 1522 2160; x_wconf 87' lang='lat' dir='ltr'>fuerit,</span> <span class='ocrx_word' id='word_1_344' title='bbox 1533 2119 1568 2150; x_wconf 87' lang='lat' dir='ltr'>id</span> <span class='ocrx_word' id='word_1_345' title='bbox 1584 2118 1630 2150; x_wconf 90' lang='lat' dir='ltr'>eis</span> <span class='ocrx_word' id='word_1_346' title='bbox 1647 2118 1719 2150; x_wconf 87' lang='lat' dir='ltr'>sine</span> <span class='ocrx_word' id='word_1_347' title='bbox 1735 2118 1817 2151; x_wconf 86' lang='lat' dir='ltr'>dila-</span> 
     </span>
     <span class='ocr_line' id='line_1_34' title="bbox 212 2174 658 2210; baseline -0.009 0"><span class='ocrx_word' id='word_1_348' title='bbox 212 2178 305 2210; x_wconf 85' lang='lat' dir='ltr'>tione</span> <span class='ocrx_word' id='word_1_349' title='bbox 321 2177 455 2209; x_wconf 84' lang='lat' dir='ltr'>faciatis</span> <span class='ocrx_word' id='word_1_350' title='bbox 472 2174 658 2208; x_wconf 87' lang='lat' dir='ltr'>emendari.</span> 
     </span>
    </p>

    <p class='ocr_par' dir='ltr' id='par_1_9' title="bbox 213 2226 1819 2434">
     <span class='ocr_line' id='line_1_35' title="bbox 258 2226 1818 2272; baseline -0.004 -9"><span class='ocrx_word' id='word_1_351' title='bbox 258 2232 314 2264; x_wconf 86' lang='lat' dir='ltr'>Ita</span> <span class='ocrx_word' id='word_1_352' title='bbox 330 2242 463 2272; x_wconf 87' lang='lat' dir='ltr'>semper</span> <span class='ocrx_word' id='word_1_353' title='bbox 480 2231 570 2271; x_wconf 88' lang='lat' dir='ltr'>quod</span> <span class='ocrx_word' id='word_1_354' title='bbox 587 2229 670 2261; x_wconf 81' lang='lat' dir='ltr'>dicti</span> <span class='ocrx_word' id='word_1_355' title='bbox 688 2228 907 2269; x_wconf 86' lang='lat' dir='ltr'>carpentarii,</span> <span class='ocrx_word' id='word_1_356' title='bbox 933 2228 1145 2268; x_wconf 85' lang='lat' dir='ltr'>cementarii,</span> <span class='ocrx_word' id='word_1_357' title='bbox 1169 2228 1300 2268; x_wconf 87' lang='lat' dir='ltr'>latomi,</span> <span class='ocrx_word' id='word_1_358' title='bbox 1325 2227 1482 2269; x_wconf 83' lang='lat' dir='ltr'>operarii,</span> <span class='ocrx_word' id='word_1_359' title='bbox 1498 2238 1557 2259; x_wconf 80' lang='lat' dir='ltr'>seu</span> <span class='ocrx_word' id='word_1_360' title='bbox 1573 2226 1760 2267; x_wconf 89' lang='lat' dir='ltr'>marinarii,</span> <span class='ocrx_word' id='word_1_361' title='bbox 1776 2227 1818 2258; x_wconf 88' lang='lat' dir='ltr'>ab</span> 
     </span>
     <span class='ocr_line' id='line_1_36' title="bbox 213 2280 1819 2327; baseline -0.004 -9"><span class='ocrx_word' id='word_1_362' title='bbox 213 2286 466 2327; x_wconf 84' lang='lat' dir='ltr'>operationibus</span> <span class='ocrx_word' id='word_1_363' title='bbox 483 2285 535 2316; x_wconf 85' lang='lat' dir='ltr'>vel</span> <span class='ocrx_word' id='word_1_364' title='bbox 552 2283 720 2325; x_wconf 84' lang='lat' dir='ltr'>obsequiis</span> <span class='ocrx_word' id='word_1_365' title='bbox 736 2281 874 2322; x_wconf 76' lang='lat' dir='ltr'>nostris,</span> <span class='ocrx_word' id='word_1_366' title='bbox 896 2292 974 2313; x_wconf 88' lang='lat' dir='ltr'>cum</span> <span class='ocrx_word' id='word_1_367' title='bbox 998 2292 1052 2313; x_wconf 89' lang='lat' dir='ltr'>eos</span> <span class='ocrx_word' id='word_1_368' title='bbox 1076 2293 1135 2313; x_wconf 86' lang='lat' dir='ltr'>seu</span> <span class='ocrx_word' id='word_1_369' title='bbox 1158 2292 1275 2314; x_wconf 87' lang='lat' dir='ltr'>eorum</span> <span class='ocrx_word' id='word_1_370' title='bbox 1292 2281 1441 2322; x_wconf 86' lang='lat' dir='ltr'>aliquem</span> <span class='ocrx_word' id='word_1_371' title='bbox 1457 2291 1518 2322; x_wconf 91' lang='lat' dir='ltr'>pro</span> <span class='ocrx_word' id='word_1_372' title='bbox 1535 2280 1660 2312; x_wconf 81' lang='lat' dir='ltr'>eisdem</span> <span class='ocrx_word' id='word_1_373' title='bbox 1677 2281 1751 2323; x_wconf 87' lang='lat' dir='ltr'>capi</span> <span class='ocrx_word' id='word_1_374' title='bbox 1765 2280 1819 2312; x_wconf 87' lang='lat' dir='ltr'>vel</span> 
     </span>
     <span class='ocr_line' id='line_1_37' title="bbox 213 2335 1819 2382; baseline -0.002 -10"><span class='ocrx_word' id='word_1_375' title='bbox 213 2341 291 2382; x_wconf 81' lang='lat' dir='ltr'>eligi</span> <span class='ocrx_word' id='word_1_376' title='bbox 309 2339 568 2381; x_wconf 76' lang='lat' dir='ltr'>praeceperimus</span> <span class='ocrx_word' id='word_1_377' title='bbox 585 2341 756 2379; x_wconf 72' lang='lat' dir='ltr'>praetextu</span> <span class='ocrx_word' id='word_1_378' title='bbox 773 2335 948 2378; x_wconf 80' lang='lat' dir='ltr'>praesentis</span> <span class='ocrx_word' id='word_1_379' title='bbox 970 2335 1192 2377; x_wconf 89' lang='lat' dir='ltr'>protectionis</span> <span class='ocrx_word' id='word_1_380' title='bbox 1209 2340 1345 2376; x_wconf 84' lang='lat' dir='ltr'>nostrae,</span> <span class='ocrx_word' id='word_1_381' title='bbox 1360 2335 1557 2368; x_wconf 82' lang='lat' dir='ltr'>nullatenus</span> <span class='ocrx_word' id='word_1_382' title='bbox 1574 2347 1607 2367; x_wconf 90' lang='lat' dir='ltr'>se</span> <span class='ocrx_word' id='word_1_383' title='bbox 1624 2337 1819 2377; x_wconf 85' lang='lat' dir='ltr'>absentent,</span> 
     </span>
     <span class='ocr_line' id='line_1_38' title="bbox 214 2391 1049 2434; baseline -0.005 -8"><span class='ocrx_word' id='word_1_384' title='bbox 214 2399 265 2426; x_wconf 84' lang='lat' dir='ltr'>set</span> <span class='ocrx_word' id='word_1_385' title='bbox 281 2395 323 2426; x_wconf 85' lang='lat' dir='ltr'>ad</span> <span class='ocrx_word' id='word_1_386' title='bbox 341 2398 458 2425; x_wconf 79' lang='lat' dir='ltr'>nostra</span> <span class='ocrx_word' id='word_1_387' title='bbox 474 2393 634 2434; x_wconf 88' lang='lat' dir='ltr'>obsequia</span> <span class='ocrx_word' id='word_1_388' title='bbox 651 2396 825 2434; x_wconf 90' lang='lat' dir='ltr'>promptos</span> <span class='ocrx_word' id='word_1_389' title='bbox 842 2401 875 2422; x_wconf 86' lang='lat' dir='ltr'>se</span> <span class='ocrx_word' id='word_1_390' title='bbox 892 2391 1049 2422; x_wconf 87' lang='lat' dir='ltr'>reddant.</span> 
     </span>
    </p>

    <p class='ocr_par' dir='ltr' id='par_1_10' title="bbox 258 2443 1817 2489">
     <span class='ocr_line' id='line_1_39' title="bbox 258 2443 1817 2489; baseline -0.003 -9"><span class='ocrx_word' id='word_1_391' title='bbox 258 2448 299 2480; x_wconf 89' lang='lat' dir='ltr'>In</span> <span class='ocrx_word' id='word_1_392' title='bbox 316 2449 425 2489; x_wconf 76' lang='lat' dir='ltr'>cujus,</span> <span class='ocrx_word' id='word_1_393' title='bbox 441 2451 501 2479; x_wconf 62' lang='grc' dir='ltr'>διο.</span> <span class='ocrx_word' id='word_1_394' title='bbox 517 2459 579 2489; x_wconf 85' lang='lat' dir='ltr'>per</span> <span class='ocrx_word' id='word_1_395' title='bbox 594 2457 701 2479; x_wconf 85' lang='lat' dir='ltr'>unum</span> <span class='ocrx_word' id='word_1_396' title='bbox 717 2457 846 2479; x_wconf 83' lang='lat' dir='ltr'>annum</span> <span class='ocrx_word' id='word_1_397' title='bbox 863 2446 1030 2478; x_wconf 85' lang='lat' dir='ltr'>duratur&#39;.</span> <span class='ocrx_word' id='word_1_398' title='bbox 1077 2445 1179 2478; x_wconf 86' lang='lat' dir='ltr'>Teste</span> <span class='ocrx_word' id='word_1_399' title='bbox 1196 2445 1302 2487; x_wconf 84' lang='lat' dir='ltr'>Rege,</span> <span class='ocrx_word' id='word_1_400' title='bbox 1317 2445 1407 2487; x_wconf 84' lang='lat' dir='ltr'>apud</span> <span class='ocrx_word' id='word_1_401' title='bbox 1425 2445 1577 2477; x_wconf 54' lang='lat' dir='ltr'>XVestm.</span> <span class='ocrx_word' id='word_1_402' title='bbox 1594 2444 1628 2476; x_wconf 91' lang='lat' dir='ltr'>ii.</span> <span class='ocrx_word' id='word_1_403' title='bbox 1646 2444 1700 2475; x_wconf 82' lang='lat' dir='ltr'>die</span> <span class='ocrx_word' id='word_1_404' title='bbox 1716 2443 1817 2476; x_wconf 80' lang='lat' dir='ltr'>Julii.</span> 
     </span>
    </p>

    <p class='ocr_par' dir='ltr' id='par_1_11' title="bbox 1458 2498 1733 2531">
     <span class='ocr_line' id='line_1_40' title="bbox 1458 2498 1733 2531; baseline -0.011 0"><span class='ocrx_word' id='word_1_405' title='bbox 1458 2500 1525 2531; x_wconf 84' lang='lat' dir='ltr'>Per</span> <span class='ocrx_word' id='word_1_406' title='bbox 1541 2498 1733 2531; x_wconf 83' lang='lat' dir='ltr'>concilium.</span> 
     </span>
    </p>
   </div>
  </div>
 </body>
</html>
