1991 2916
206 193 258 232 ]ss
497 207 551 233 DE
577 208 734 236 TERRIS
757 209 809 235 ΕΤ
831 209 1115 238 TENEMENTIS
1140 210 1187 236 IN
1214 211 1507 239 WERYNGTON.

201 316 375 356 australi
397 320 438 356 et
461 317 656 358 extendit
677 318 722 359 in
743 319 1011 372 longitudine
1029 334 1052 360 a
1068 324 1181 360 terra
1197 320 1300 361 dicti
1318 322 1434 363 Petri
1451 323 1572 377 Legh
1588 324 1634 364 in
1651 328 1805 365 tenura

199 385 226 424 J
230 384 410 425 ohannis
433 386 651 440 Fulshagh
673 401 722 427 ex
743 391 863 440 parte
885 388 1138 429 occidentali
1159 403 1294 443 usque
1316 390 1369 431 ad
1399 396 1559 432 terram
1580 393 1803 434 Willielmi

200 453 380 493 'Botiller
411 454 457 493 in
489 458 643 495 tenura
674 455 824 496 Aliciae
856 471 992 510 nuper
1020 458 1162 498 uxoris
1192 459 1350 512 Rogeri
1378 460 1507 501 Clerk
1541 461 1718 502 senioris
1752 476 1804 503 ex

198 526 318 574 parte
340 522 550 564 orientali.

256 590 369 630 Item
390 595 509 631 tenet
536 606 666 632 unam
692 593 920 645 parcellam
946 597 1072 635 terrae
1096 594 1208 635 infra
1227 595 1370 636 villam
1392 596 1444 637 de
1465 597 1737 652 Weryngton
1757 598 1802 639 in

197 656 290 697 loco
325 663 473 699 vocato
504 660 544 700 16
579 661 687 701 01(16
727 662 880 716 yordes
911 662 1127 716 jacentem
1153 664 1267 705 inter
1300 665 1404 705 duas
1436 666 1641 719 parcellas
1676 671 1802 708 terrae

198 724 378 767 Henrici
399 727 546 768 Birom
566 729 612 769 in
632 734 786 770 tenura
807 731 833 770 J
836 731 1017 773 ohannis
1041 733 1274 774 Hardewar
1295 739 1337 774 et
1359 734 1533 775 Thomae
1550 736 1802 776 Dernelowe

197 807 247 833 ex
278 800 399 847 parte
432 796 591 837 boreali
623 804 665 838 et
698 800 925 851 parcellam
957 806 1081 842 terrae
1110 801 1331 842 Willielmi
1356 803 1538 843 Botiller
1569 803 1616 843 in
1648 809 1803 845 tenura

198 861 225 900 J
229 862 409 903 ohannis
431 864 581 919 Massy
602 879 653 905 ex
673 871 793 919 parte
816 868 990 908 australi
1011 873 1053 909 et
1075 870 1267 911 extendit
1287 870 1333 910 in
1353 870 1622 924 longitudine
1644 886 1668 911 a
1687 877 1802 914 terra

196 930 338 970 uxoris
362 932 388 971 J
392 932 572 973 ohannis
594 934 720 988 Pigot
742 950 835 988 quae
855 936 985 977 habet
1005 938 1179 978 nomine
1201 938 1312 979 dotis
1340 953 1428 980 suae
1453 939 1527 980 sed
1552 940 1801 981 hereditatis

198 999 415 1053 Ranulphi
437 1001 614 1042 Rixt0n1
638 1003 683 1043 in
704 1008 857 1044 tenura
879 1005 905 1045 J
909 1005 1089 1046 ohannis
1106 1006 1326 1047 Webster2
1343 1022 1393 1048 ex
1409 1013 1529 1062 parte
1546 1009 1800 1051 occidentali

194 1081 328 1120 usque
369 1068 422 1109 ad
462 1074 619 1110 terram
659 1086 795 1125 nuper
832 1073 1017 1114 Gilberti
1055 1074 1373 1117 Sothewurthe3
1413 1076 1460 1117 in
1502 1082 1656 1118 tenura
1696 1078 1800 1119 dicti

195 1136 221 1175 J
225 1136 405 1177 ohannis
429 1138 662 1180 Hardewar
683 1154 733 1181 ex
754 1146 874 1194 parte
896 1142 1108 1184 orientali.

251 1205 365 1246 Item
382 1206 519 1247 dictus
538 1209 564 1247 J
567 1209 757 1250 ohannes
776 1210 1010 1252 Hardewar
1030 1216 1149 1252 tenet
1167 1212 1219 1252 de
1241 1212 1356 1254 dicto
1377 1214 1506 1254 Petro
1528 1214 1650 1268 Legh
1672 1215 1798 1256 aliam

193 1273 419 1325 parcellam
439 1280 563 1316 terrae
579 1276 795 1329 jacentem
816 1278 862 1318 in
884 1284 1019 1320 strato
1038 1285 1188 1321 vocato
1210 1282 1361 1322 Bonke
1384 1287 1514 1322 strete
1537 1283 1662 1324 dictae
1682 1284 1793 1325 villae

192 1340 304 1380 inter
325 1346 483 1383 terram
504 1344 727 1385 Willielmi
749 1346 929 1387 Botiller
954 1347 1000 1388 in
1025 1353 1178 1389 tenura
1200 1350 1226 1389 J
1230 1350 1410 1390 ohannis
1434 1352 1584 1406 Massy
1605 1366 1656 1392 ex
1676 1358 1797 1406 parte

190 1409 443 1451 occidentali
468 1416 511 1451 et
538 1417 697 1453 terram
725 1413 828 1455 dicti
855 1415 1079 1457 Willielmi
1108 1418 1288 1459 Botiller
1315 1419 1361 1459 in
1388 1423 1542 1459 tenura
1578 1421 1797 1475 Radulphi

190 1477 493 1534 Kellurmargh
525 1495 576 1521 ex
607 1487 728 1535 parte
760 1483 956 1525 orientali
998 1490 1041 1525 et
1074 1487 1266 1527 extendit
1298 1487 1344 1528 in
1378 1488 1648 1542 longitudine
1690 1505 1714 1530 a
1754 1491 1794 1531 16

188 1545 340 1587 Bonke
362 1552 492 1589 strete
512 1550 716 1602 praedicto
737 1566 786 1592 ex
815 1557 935 1606 parte
957 1555 1132 1594 australi
1158 1569 1293 1608 usque
1320 1556 1373 1596 ad
1398 1561 1557 1597 terram
1580 1557 1793 1599 dictorum

190 1613 306 1654 Petri
346 1615 467 1669 Legh
508 1622 551 1657 et
592 1618 776 1659 Gilberti
818 1621 1116 1661 Sothewurthe
1156 1622 1202 1662 in
1242 1628 1396 1664 tenura
1436 1624 1540 1665 dicti
1582 1626 1608 1665 J
1612 1627 1795 1667 ohannis

196 1682 429 1724 Hardewar
449 1699 499 1725 ex
520 1690 640 1739 parte
661 1687 836 1729 boreali.

248 1752 360 1792 Item
381 1757 500 1794 tenet
522 1754 573 1794 de
590 1755 703 1796 dicto
721 1757 848 1797 Petro
865 1757 986 1811 Legh
1004 1757 1108 1798 duas
1130 1772 1247 1799 acras
1268 1760 1380 1813 prati
1400 1762 1628 1814 parcellam
1650 1764 1792 1817 cujus-

191 1820 288 1861 dam
308 1822 419 1875 prati
441 1822 543 1863 dicti
569 1824 686 1864 Petri
713 1825 835 1879 Legh
860 1826 905 1867 in
926 1827 1112 1882 Arpeley
1132 1829 1324 1882 predicto
1355 1830 1647 1871 continentem
1675 1837 1792 1872 octo-

191 1888 328 1929 decim
350 1904 466 1930 acras
488 1892 598 1944 prati
620 1907 713 1946 quae
735 1908 904 1935 orreum
926 1909 1024 1936 cum
1050 1897 1248 1938 omnibus
1269 1898 1394 1938 terris
1416 1899 1629 1952 praedictis
1650 1901 1793 1942 valent

190 1956 303 1998 dieto
325 1959 452 2000 Petro
472 1974 547 2013 per
567 1975 729 2001 annum
749 1962 901 2016 viginti
922 1978 1058 2005 unum
1080 1965 1237 2006 solidos
1259 1970 1302 2007 et
1324 1966 1429 2007 duos
1453 1967 1662 2009 denarios.

248 2093 498 2147 §ROGERUS
529 2094 781 2136 HoLBRoKE
811 2100 930 2137 tenet
959 2097 1010 2138 de
1039 2098 1154 2140 dicto
1182 2099 1310 2140 Petro
1339 2099 1461 2154 Legh
1491 2101 1629 2142 milite
1656 2117 1792 2144 unum

189 2174 346 2201 novum
366 2163 655 2216 messuagium
675 2163 722 2204 111
741 2164 840 2205 villa
867 2165 918 2206 de
939 2167 1209 2221 Weryngton
1232 2182 1330 2209 cum
1360 2182 1481 2209 orreo
1502 2184 1612 2210 novo
1634 2175 1676 2211 et
1698 2185 1791 2225 sep-

188 2233 275 2268 tem
297 2230 485 2282 gardinis
507 2244 605 2271 cum
636 2233 805 2286 sepibus
837 2238 879 2275 et
909 2235 1035 2276 fossis
1056 2236 1232 2277 inclusis
1255 2238 1522 2279 continentia
1544 2239 1649 2279 duas
1672 2253 1790 2280 aeras

187 2301 311 2338 terrae
347 2299 516 2339 arabilis
551 2314 649 2341 cum
683 2301 850 2342 ustrina
885 2317 978 2356 quae
1013 2305 1180 2345 ustrina
1210 2306 1325 2360 jacet
1368 2312 1411 2347 et
1452 2308 1637 2348 situatur
1666 2309 1792 2363 juxt-a

567 2444 577 2464 ¹
594 2444 656 2476 See
672 2449 764 2486 ante,
779 2456 813 2487 p.
829 2446 859 2478 4.
1118 2448 1130 2468 ²
1146 2449 1208 2481 See
1225 2455 1316 2492 ante,
1331 2462 1364 2493 p.
1380 2453 1411 2484 6.

227 2497 239 2516 ³
255 2496 336 2528 This
353 2497 489 2529 Gilbert
506 2508 573 2529 was
589 2499 756 2540 probably
771 2499 810 2530 of
834 2499 893 2530 the
910 2499 1031 2542 family
1047 2500 1086 2532 of
1099 2501 1323 2536 Southworth
1340 2505 1378 2537 of
1397 2505 1635 2548 Southworth,
1650 2508 1718 2539 and
1745 2508 1789 2539 he

185 2562 264 2592 may
280 2551 365 2582 have
381 2551 466 2582 been
482 2552 542 2583 the
559 2562 650 2583 same
671 2563 794 2593 person
815 2554 890 2585 who
913 2553 948 2584 in
969 2554 1029 2585 the
1050 2555 1208 2596 pedigree
1224 2557 1324 2597 given
1341 2558 1376 2590 in
1393 2560 1452 2591 the
1468 2559 1624 2603 IIistory
1641 2562 1682 2603 of
1693 2561 1789 2593 Lom-

184 2605 333 2645 masma-e,
347 2605 412 2637 vol.
429 2605 476 2637 iii.
493 2617 525 2647 p.
542 2606 616 2646 354,
632 2605 658 2637 is
671 2606 743 2637 said
759 2610 795 2638 to
812 2607 897 2638 have
913 2607 998 2638 been
1015 2607 1121 2649 living
1139 2611 1157 2642 7
1175 2610 1297 2652 Henry
1314 2612 1384 2645 VI.
1442 2614 1481 2645 If
1501 2625 1547 2655 so,
1562 2615 1605 2646 116
1622 2626 1688 2647 was
1705 2626 1787 2656 very

182 2660 347 2701 probably
363 2660 422 2691 the
439 2670 530 2691 same
547 2670 667 2701 person
685 2661 759 2692 who
777 2671 843 2692 was
865 2660 900 2691 111
922 2661 981 2692 the
1006 2661 1140 2693 retinue
1157 2663 1195 2694 of
1213 2664 1270 2695 Sir
1286 2665 1347 2696 W.
1365 2666 1489 2698 Butler
1510 2668 1545 2699 111
1567 2668 1627 2699 the
1649 2669 1785 2709 expedi-
