1991 2916
186 227 238 265 74
450 241 503 267 DE
530 241 801 269 REDDITIBUS
825 243 1121 270 CAPITALIBUS
1147 244 1193 270 IN
1220 244 1511 271 WERYNGTON.

192 347 336 389 Hethe
359 354 489 391 strete
510 351 619 392 villae
640 352 853 406 praedictae
875 353 1089 407 quondam
1110 353 1372 394 haereditatis
1395 355 1421 394 J
1425 354 1606 395 ohannis
1631 355 1790 409 Spyccr

184 416 332 470 jacens
364 418 477 460 inter
512 420 767 475 burgagium
802 436 981 463 vacuum
1024 422 1233 463 Johannis
1269 423 1553 477 VVynyngton
1588 437 1638 463 ex
1670 429 1790 477 parte

190 487 366 527 australi
387 494 429 528 et
445 494 604 529 terram
923 505 973 531 ex
994 496 1114 544 parte
1134 491 1294 532 boreali
1315 497 1358 531 et
1375 492 1565 532 extendit
1586 492 1632 532 in
1652 492 1789 546 longi-

187 554 338 596 tudine
360 570 384 596 a
406 557 519 598 dicta
541 563 675 599 strata
694 563 842 600 vocata
860 559 1004 600 Hethe
1027 565 1156 600 strete
1174 565 1359 614 exparte
1381 561 1634 601 occidentali
1655 575 1790 615 usque

188 622 243 663 ad
263 628 422 665 terram
819 642 869 669 ex
890 634 1010 682 parte
1031 629 1240 680 orientali,
1265 629 1378 683 quod
1399 630 1510 671 valet
1530 644 1605 683 per
1627 645 1789 671 annum

189 691 414 734 duodecim
435 694 644 737 denarios.

247 831 269 884 ᾧ
293 830 319 870 J
323 844 533 872 OHANNES
549 833 757 874 NORREIS
774 839 892 875 tenet
915 834 966 875 de
988 834 1102 876 dicto
1124 836 1250 876 Petro
1268 835 1352 876 duo
1367 835 1574 888 burgagia
1592 849 1725 876 vacua
1744 835 1790 875 in

185 898 322 951 capite
342 914 418 953 per
439 901 659 941 servitium
690 902 875 943 militare
904 903 1092 956 jacentia
1116 904 1163 944 in
1183 904 1275 944 wico
1298 903 1349 944 de
1372 903 1657 957 Kyrkestrete
1678 903 1789 945 villae

188 965 240 1006 de
261 967 532 1022 VVeryngton
563 970 609 1010 in
633 971 861 1012 latitudine
893 972 1006 1012 inter
1037 973 1327 1026 messuagium
1359 986 1457 1013 cum
1490 976 1584 1012 orto
1618 971 1790 1012 Ricardi

186 1035 413 1077 Pasmethe
434 1038 480 1077 in
500 1043 653 1080 tenura
668 1039 891 1080 VVillielmi
914 1040 1031 1080 Hille
1053 1055 1103 1081 ex
1123 1045 1243 1094 parte
1260 1040 1513 1081 occidentali
1535 1046 1577 1081 et
1597 1055 1787 1081 messua-

185 1103 304 1157 gium
324 1106 544 1158 pertinens
574 1107 802 1149 Abbathiae
833 1108 885 1149 de
915 1109 1088 1149 Norton
1119 1124 1170 1150 ex
1199 1114 1319 1163 parte
1350 1109 1547 1150 orientali
1571 1114 1614 1150 et
1642 1114 1788 1150 exten-

185 1171 294 1213 dunt
329 1173 375 1214 in
406 1174 675 1228 longitudine
709 1191 733 1217 a
768 1177 971 1230 praedicta-
1011 1183 1145 1218 strata
1184 1178 1236 1218 de
1271 1178 1555 1232 Kyrkestrete
1588 1192 1639 1219 ex
1670 1183 1789 1232 parte

184 1240 344 1282 boreali
384 1258 519 1298 usque
560 1244 614 1285 ad
653 1249 825 1299 pratum
869 1246 1050 1286 haeredis
1091 1247 1249 1299 Rogeri
1288 1247 1551 1302 Arosmythe
1590 1252 1788 1288 vocatum

185 1309 482 1353 Downehouse
502 1313 627 1353 medo
649 1327 699 1353 ex
719 1318 839 1367 parte
861 1314 1047 1354 australi.

242 1378 356 1420 Item
372 1385 490 1421 tenet
513 1381 643 1422 alium
663 1381 920 1436 burgagium
936 1396 1116 1422 vacuum
1132 1382 1178 1423 in
1196 1382 1309 1423 dicto
1326 1383 1417 1424 vico
1435 1383 1486 1424 de
1504 1383 1788 1438 Kyrkestrete

181 1451 224 1487 et
248 1462 323 1501 per
348 1449 511 1490 dictum
536 1450 754 1491 servitium
779 1450 962 1490 militare
983 1451 1131 1504 jacens
1163 1451 1209 1491 in
1241 1452 1470 1493 latitudine
1507 1453 1621 1493 inter
1652 1467 1788 1493 unum

184 1530 365 1558 vacuum
385 1518 641 1572 burgagium
662 1519 864 1560 Nicholai
889 1519 1092 1560 Blundell
1121 1520 1168 1560 in
1198 1525 1351 1561 tenura
1373 1521 1544 1561 Ricardj
1566 1522 1717 1576 Massy
1738 1535 1788 1562 ex

183 1591 303 1638 parte
336 1587 531 1628 orientali
557 1593 600 1628 et
624 1588 879 1641 burgagium
906 1588 991 1629 sive
1012 1590 1303 1643 messuagium
1330 1590 1586 1630 aedificatum
1610 1590 1789 1630 Henrici

184 1655 345 1709 Byrom
366 1655 412 1696 in
431 1661 585 1696 teniu'a
607 1657 633 1697 J
636 1657 816 1697 ohannis
839 1657 1067 1698 Pasmethe
1089 1659 1232 1711 glover
1253 1673 1303 1699 ex
1328 1664 1449 1712 parte
1471 1658 1724 1700 occidentali
1745 1663 1787 1699 et

184 1724 375 1764 extendit
395 1725 442 1765 in
462 1725 732 1779 longitudine
766 1740 790 1765 a
820 1726 1024 1779 praedicta
1057 1732 1190 1767 strata
1216 1727 1268 1767 de
1291 1727 1574 1781 Kyrkestrete
1596 1741 1645 1768 ex
1667 1732 1787 1781 parte

184 1793 359 1833 australi
375 1807 509 1847 usque
527 1793 579 1834 ad
592 1794 881 1848 messuagium
897 1794 1080 1836 Abbatis
1099 1795 1150 1836 de
1166 1796 1367 1851 thallay
1382 1796 1429 1836 in
1443 1800 1598 1837 tenura
1615 1796 1787 1837 Ricardj

183 1860 334 1916 Massy
355 1876 405 1902 ex
425 1867 545 1916 parte
565 1863 738 1905 boreali.

241 1930 354 1971 Item
376 1936 494 1972 tenet
521 1931 572 1972 de
600 1932 714 1972 dicto
740 1933 868 1973 Petro
892 1947 1027 1973 unum
1054 1948 1252 1987 campum
1278 1947 1353 1987 per
1374 1933 1538 1973 dictum
1565 1933 1786 1973 servitium

183 2012 281 2040 cum
315 1999 483 2053 sepibus
517 2005 560 2040 et
591 1999 715 2040 fossis
748 2000 963 2041 inclusum
988 2001 1033 2041 in
1062 2015 1210 2055 campo
1233 2001 1284 2041 de
1306 2002 1492 2056 Arpelay
1513 2001 1716 2055 praedicto
1737 2001 1785 2042 in

183 2067 367 2121 quodam
405 2068 601 2123 forlongo
636 2074 784 2110 vocato
825 2070 1066 2110 Aldirswell
1107 2070 1401 2111 continentem
1442 2070 1628 2124 quinque
1669 2084 1786 2111 acras

181 2140 305 2176 terrae
338 2137 507 2178 arabilis
542 2138 759 2192 jacentem
798 2138 844 2178 in
883 2138 1111 2179 latitudine
1142 2139 1255 2179 inter
1285 2144 1445 2179 terram
1481 2139 1507 2178 J
1511 2138 1691 2179 ohannis
1734 2138 1786 2179 de

182 2204 454 2259 VVeryngton
486 2220 534 2246 ex
571 2212 691 2260 parte
724 2207 921 2247 orientali
956 2213 999 2248 et
1039 2222 1237 2262 campum
1270 2211 1558 2249 communeml
1593 2208 1703 2248 villae
1732 2207 1785 2249 de

182 2273 455 2328 VVeryngton
479 2288 529 2314 ex
560 2280 680 2328 parte
706 2275 960 2315 occidentali
993 2281 1035 2316 et
1069 2277 1370 2317 extendentem
1395 2277 1441 2317 in
1465 2277 1736 2331 longitudine
1762 2291 1786 2317 a

181 2346 304 2394 prato
319 2347 468 2382 vocato
485 2343 611 2382 Frere
632 2343 757 2383 medo
774 2357 824 2383 ex
839 2349 959 2397 parte
975 2344 1134 2385 boreali
1150 2359 1285 2399 usque
1302 2345 1354 2386 ad
1370 2350 1542 2400 pratum
1559 2359 1785 2386 commune

184 2409 236 2449 de
259 2410 443 2464 Arpeley
464 2424 514 2450 ex
534 2416 654 2463 parte
677 2411 864 2451 australi.

239 2478 352 2518 Item
373 2483 492 2519 tenet
514 2479 643 2519 alium
665 2494 863 2533 campum
880 2479 931 2520 de
949 2480 1062 2521 dicto
1080 2481 1208 2522 Petro
1225 2486 1267 2522 et
1283 2496 1357 2536 per
1375 2482 1538 2522 dictum
1560 2482 1781 2523 servitium

180 2546 226 2586 in
247 2547 432 2600 Arpeley
453 2547 655 2600 praedicto
676 2553 873 2588 vocatum
902 2548 942 2588 le
974 2550 1255 2590 Butturlache
1277 2551 1571 2591 continentem
1593 2551 1780 2604 quinque

225 2645 286 2677 ¹It
311 2656 398 2676 were
417 2649 453 2677 to
474 2646 515 2677 be
536 2646 662 2678 wished
688 2657 731 2678 011
758 2657 862 2688 many
886 2652 1048 2679 accounts
1073 2649 1151 2681 that
1176 2649 1247 2682 this
1279 2660 1436 2683 common
1460 2649 1542 2681 field
1565 2658 1652 2681 were
1677 2648 1782 2680 stilla

180 2699 366 2742 possession
382 2698 419 2731 of
431 2699 477 2731 all
492 2699 551 2731 the
567 2699 780 2732 inhabitants
798 2700 836 2732 of
850 2700 1093 2742 Warrington.
