1991 2916
181 214 232 253 76
443 232 497 258 DE
523 232 796 261 REDDITIBUS
819 234 1116 261 CAPITALIBUS
1141 235 1190 261 IN
1209 235 1503 263 WERYNGTON.

178 350 293 378 acras
316 345 440 382 terrae
463 342 632 383 arabilis
658 344 961 385 extendentem
995 345 1042 385 in
1073 345 1343 398 longitudine
1365 360 1390 385 a
1410 345 1593 399 quadam
1614 346 1778 386 venella

177 412 325 448 vocata
344 409 383 450 le
409 411 724 464 Slytcherslane
750 427 803 453 ex
829 419 949 467 parte
974 414 1171 454 orientali
1195 428 1329 467 usque
1360 414 1414 454 ad
1446 428 1643 468 campum
1668 415 1777 454 Wil-

176 474 309 516 lielmi
330 479 510 520 Botiller
531 486 728 521 vocatum
750 482 979 536 Gillefylde
1010 497 1060 523 ex
1081 488 1200 536 parte
1222 483 1474 524 occidentali
1495 488 1538 523 et
1561 483 1778 537 jacentem

176 543 222 583 in
243 544 470 588 latitudine
491 548 604 589 inter
625 564 777 603 aquam
803 550 855 591 de
884 551 1053 591 Mersee
1085 565 1133 591 ex
1164 554 1284 604 parte
1307 551 1481 591 australi
1501 556 1544 591 et
1566 551 1778 605 quendam

177 625 375 667 eampum
398 616 618 658 willielmi
639 619 819 659 Botiller
843 619 889 659 in
910 624 1063 660 tenura
1084 619 1256 660 Ricardi
1277 620 1561 674 ‘Wynyngton
1581 625 1778 660 vocatum

178 680 456 738 Perynsfylde
478 699 527 726 ex
549 692 668 739 parte
689 687 860 729 boreali.

237 750 350 791 Item
371 758 490 794 tenet
508 755 638 796 alium
660 771 858 811 campum
886 757 937 798 de
971 758 1085 798 (11010
1110 758 1239 798 Petro
1261 762 1303 798 et
1323 771 1398 811 per
1418 755 1669 810 praedictum
1692 770 1778 796 ser-

178 817 330 859 vitium
346 821 563 873 jacentem
589 824 634 864 in
659 826 845 880 Arpelcy
865 826 1068 879 praedicto
1096 826 1257 866 scilicet
1277 830 1476 866 vocatum
1497 824 1779 865 Butturlache

178 888 469 930 continentem
492 891 596 932 duas
618 907 735 933 acras
766 899 890 935 tcrrae
922 894 1090 935 arabilis
1116 895 1331 948 jacentem
1351 893 1398 933 in
1417 892 1645 933 latitudine
1666 892 1780 932 inter

178 957 425 1008 praedictam
459 974 612 1013 aquam
646 962 697 1002 de
730 963 899 1003 Mersee
933 977 983 1003 ex
1015 968 1135 1017 parte
1169 962 1344 1003 australi
1369 967 1411 1002 et
1445 975 1643 1015 campum
1676 962 1780 1002 (11011

177 1023 399 1066 willielmi
430 1028 609 1068 Botiller
639 1029 684 1069 in
715 1034 868 1070 tenura
900 1031 1072 1071 Ricardi
1093 1031 1378 1086 VVynyngton
1404 1044 1454 1071 ex
1479 1035 1599 1084 parte
1619 1030 1780 1070 boreali

178 1096 220 1131 et
242 1094 432 1135 extendit
463 1096 510 1136 in
539 1097 810 1151 longitudine
842 1113 866 1139 a
898 1099 1012 1140 dicta
1031 1100 1196 1140 venella
1216 1104 1364 1140 vocata
1391 1099 1708 1153 Slytcherslane
1729 1114 1780 1139 ex

176 1166 296 1213 parte
330 1163 526 1205 orientali
557 1181 692 1220 usque
733 1167 786 1207 ad
822 1181 1020 1221 campum
1059 1168 1283 1208 Wilhelmi
1323 1168 1503 1208 Botiller
1542 1168 1588 1208 in
1627 1173 1781 1208 tenura

176 1243 313 1283 nuper
354 1232 379 1271 J
383 1233 563 1274 ohannis
604 1235 890 1290 Wynyngton
925 1252 974 1278 ex
1007 1242 1127 1291 parte
1163 1237 1416 1277 occidentali
1449 1251 1542 1290 quae
1574 1237 1781 1290 burgagia

177 1311 274 1338 cum
296 1301 494 1342 omnibus
516 1304 640 1344 terris
662 1305 876 1358 praedictis
898 1306 1085 1346 reddunt
1107 1306 1221 1346 (11010
1242 1307 1370 1347 Petro
1393 1306 1514 1358 Legh
1536 1306 1587 1346 de
1609 1306 1780 1359 capitali

174 1368 346 1410 redditu
366 1385 441 1424 per
462 1386 622 1413 annum
642 1373 839 1415 videlicet
861 1374 1008 1415 decem
1030 1374 1186 1415 solidos
1208 1379 1295 1415 tres
1318 1374 1527 1414 denarios.

234 1437 382 1479 Unum
415 1442 703 1495 messuagium
740 1443 826 1483 sive
860 1443 1119 1497 burgagium
1150 1457 1247 1483 011111
1285 1442 1411 1483 (101110
1445 1442 1780 1496 superaedificata

177 1510 219 1545 et
240 1520 327 1547 uno
348 1513 442 1548 orto
464 1509 515 1550 de
536 1510 784 1552 haereditate
801 1512 960 1552 Ciciliae
978 1512 1090 1552 Gille
1111 1516 1283 1552 tenetur
1305 1511 1355 1551 de
1374 1511 1488 1551 dicto
1510 1511 1636 1551 Petro
1658 1511 1780 1564 Legh

175 1572 222 1612 in
255 1575 392 1628 capite
427 1590 503 1629 per
536 1578 756 1619 serwitium
788 1579 972 1619 militare
1001 1579 1189 1633 jacentia
1214 1579 1259 1618 in
1284 1579 1376 1619 vico
1409 1579 1460 1619 de
1496 1579 1779 1633 Kyrkestrete

174 1642 284 1683 xillae
316 1644 528 1696 praedictae
560 1646 607 1686 in
640 1647 868 1688 latitudine
901 1648 1014 1688 111101
1047 1662 1184 1687 unum
1224 1648 1383 1688 lectum
1418 1652 1543 1688 terrae
1579 1648 1780 1688 Nicholai

175 1710 377 1751 Blundell
409 1712 454 1752 in
486 1718 640 1754 tenura
674 1715 831 1768 Rogeri
865 1715 993 1756 Clerk
1014 1715 1197 1769 junioris
1224 1721 1418 1769 exparte
1451 1716 1704 1756 occidentali
1737 1726 1779 1757 et

176 1778 306 1818 alium
327 1779 486 1820 lectum
509 1782 727 1836 Ranulphi
749 1784 909 1824 Rixton
936 1798 986 1824 ex
1016 1790 1135 1837 parte
1157 1785 1353 1825 orientali
1375 1790 1417 1825 et
1440 1785 1714 1825 extendentia
1733 1785 1779 1825 in

174 1846 442 1900 longitudine
464 1864 488 1889 a
509 1854 643 1890 strata
665 1851 716 1891 de
740 1852 1022 1905 Kyrkestreet
1038 1852 1241 1905 praedicta
1258 1867 1305 1892 ex
1324 1858 1443 1906 parte
1464 1853 1623 1894 boreali
1644 1867 1778 1907 usque

174 1915 227 1955 ad
248 1930 415 1956 orreum
436 1919 627 1959 rectoriae
650 1919 701 1960 de
722 1920 994 1974 Weryngton
1015 1935 1066 1961 ex
1086 1926 1205 1974 parte
1228 1922 1416 1962 australi.

232 1984 345 2024 Item
365 2000 452 2025 una
474 2000 569 2026 acra
589 1991 713 2027 terrae
734 1987 780 2027 in
803 1988 962 2042 Hollay
987 1988 1250 2029 haereditatis
1273 1989 1397 2030 dictae
1420 1990 1587 2031 Ceciliae
1607 1995 1780 2031 tenetur

175 2048 226 2089 de
249 2049 362 2091 dicto
384 2052 511 2092 Petro
542 2066 617 2106 per
647 2053 900 2106 praedictum
932 2054 1152 2094 servitium
1169 2055 1317 2108 jacens
1343 2056 1390 2095 in
1417 2056 1645 2097 latitudine
1666 2057 1779 2097 inter

175 2121 334 2158 terram
355 2119 458 2160 dicti
479 2121 596 2161 Petri
623 2122 745 2175 Legh
776 2122 822 2162 111
854 2127 1009 2163 tenura
1029 2123 1252 2164 Willielmi
1275 2124 1433 2165 Holme
1455 2139 1506 2165 ex
1525 2130 1646 2180 parte
1668 2126 1778 2166 occi-

177 2185 338 2226 dentali
364 2192 406 2228 et
436 2193 594 2229 terram
621 2190 647 2229 J
651 2191 832 2231 ohannis
859 2191 1007 2232 Birom
1039 2191 1086 2231 in
1117 2196 1271 2232 tenura
1304 2193 1330 2232 J
1334 2193 1515 2233 ohannis
1552 2194 1779 2235 Pasmethe

177 2254 320 2307 glover
336 2269 387 2295 ex
405 2260 525 2309 parte
542 2257 739 2298 orientali
756 2264 798 2299 et
816 2259 999 2312 quadam
1020 2259 1193 2300 bilanda
1213 2266 1338 2301 101100
1360 2261 1510 2302 dividit
1531 2262 1779 2315 praedictam

177 2335 316 2362 acram
351 2322 474 2364 dictae
507 2325 675 2366 Cecih'ae
709 2332 750 2366 et
785 2327 944 2368 dictam
976 2332 1135 2368 terram
1169 2329 1273 2369 dicti
1307 2330 1519 2370 Johannis
1555 2330 1703 2371 Birom
1736 2336 1779 2371 et

176 2389 408 2430 extendens
441 2392 487 2431 in
511 2393 780 2446 longitudine
819 2410 843 2436 a
876 2396 1059 2450 quadam
1090 2398 1255 2438 venella
1291 2398 1474 2439 ducente
1513 2413 1537 2439 a
1576 2399 1779 2453 praedicto

176 2457 267 2497 vico
285 2458 336 2498 dc
355 2459 635 2513 Kyrkestrcte
655 2477 704 2503 ex
720 2470 839 2517 parte
861 2465 1020 2505 boreali
1041 2480 1175 2519 usque
1193 2466 1246 2506 ad
1266 2472 1425 2507 terram
1443 2467 1546 2508 dicti
1568 2468 1594 2507 J
1597 2468 1778 2509 ohannis

176 2525 323 2566 Birom
344 2527 389 2566 in
409 2532 562 2568 tenura
584 2529 686 2570 dicti
709 2532 735 2570 J
739 2532 919 2572 ohannis
942 2534 1169 2574 Pasmethe
1192 2549 1242 2575 ex
1262 2540 1382 2588 parte
1404 2536 1592 2576 australi.

234 2595 347 2635 Item
368 2611 502 2636 unum
524 2612 693 2639 orreum
715 2614 811 2640 cum
842 2602 980 2642 tribus
1009 2603 1116 2642 acris
1141 2607 1266 2644 terrae
1288 2618 1385 2644 cum
1409 2603 1579 2657 sepibus
1601 2603 1776 2644 inclusis

174 2664 218 2704 in
240 2679 325 2704 11110
352 2665 485 2705 erofto
520 2666 570 2707 de
603 2667 852 2709 hae1·editate
887 2656 1009 2711 dict'ae
1036 2672 1204 2712 Ceciliae
1227 2673 1338 2713 Gille
1360 2672 1405 2713 111
1426 2677 1579 2713 tenura
1604 2672 1774 2725 Marga-
