<?xml version="1.0" encoding="UTF-8"?>
<!DOCTYPE html PUBLIC "-//W3C//DTD XHTML 1.0 Transitional//EN"
    "http://www.w3.org/TR/xhtml1/DTD/xhtml1-transitional.dtd">
<html xmlns="http://www.w3.org/1999/xhtml" xml:lang="en" lang="en">
 <head>
  <title>
</title>
<meta http-equiv="Content-Type" content="text/html;charset=utf-8" />
  <meta name='ocr-system' content='tesseract 3.04.00' />
  <meta name='ocr-capabilities' content='ocr_page ocr_carea ocr_par ocr_line ocrx_word'/>
</head>
<body>
  <div class='ocr_page' id='page_1' title='image "./warringtoninmccc00beamrich_0160.png"; bbox 0 0 1991 2916; ppageno 0'>
   <div class='ocr_carea' id='block_1_1' title="bbox 201 238 1503 278">
    <p class='ocr_par' dir='ltr' id='par_1_1' title="bbox 201 238 1503 278">
     <span class='ocr_line' id='line_1_1' title="bbox 201 238 1503 278; baseline 0.001 -2"><span class='ocrx_word' id='word_1_1' title='bbox 201 238 255 277; x_wconf 75' lang='grc'>62</span> <span class='ocrx_word' id='word_1_2' title='bbox 494 251 548 276; x_wconf 83' lang='lat' dir='ltr'>DE</span> <span class='ocrx_word' id='word_1_3' title='bbox 574 250 732 278; x_wconf 74' lang='lat' dir='ltr'>TERRIS</span> <span class='ocrx_word' id='word_1_4' title='bbox 755 251 807 277; x_wconf 78' lang='lat' dir='ltr'>ET</span> <span class='ocrx_word' id='word_1_5' title='bbox 830 250 1113 277; x_wconf 80' lang='lat' dir='ltr'>TENEMENTIS</span> <span class='ocrx_word' id='word_1_6' title='bbox 1138 250 1185 277; x_wconf 90' lang='lat' dir='ltr'>IN</span> <span class='ocrx_word' id='word_1_7' title='bbox 1211 250 1503 277; x_wconf 77' lang='lat' dir='ltr'>WERYNGTON.</span> 
     </span>
    </p>
   </div>
   <div class='ocr_carea' id='block_1_2' title="bbox 194 359 1803 1516">
    <p class='ocr_par' dir='ltr' id='par_1_2' title="bbox 198 359 1802 966">
     <span class='ocr_line' id='line_1_2' title="bbox 202 359 1799 416; baseline -0.001 -17"><span class='ocrx_word' id='word_1_8' title='bbox 202 359 398 401; x_wconf 84' lang='lat' dir='ltr'>ducentis</span> <span class='ocrx_word' id='word_1_9' title='bbox 420 374 444 400; x_wconf 87' lang='lat' dir='ltr'>a</span> <span class='ocrx_word' id='word_1_10' title='bbox 463 360 503 401; x_wconf 91' lang='lat' dir='ltr'>le</span> <span class='ocrx_word' id='word_1_11' title='bbox 525 361 829 416; x_wconf 87' lang='lat' dir='ltr'>Markthoyate</span> <span class='ocrx_word' id='word_1_12' title='bbox 859 361 1062 415; x_wconf 84' lang='lat' dir='ltr'>praedicta</span> <span class='ocrx_word' id='word_1_13' title='bbox 1087 375 1222 414; x_wconf 87' lang='lat' dir='ltr'>usque</span> <span class='ocrx_word' id='word_1_14' title='bbox 1253 360 1306 401; x_wconf 88' lang='lat' dir='ltr'>ad</span> <span class='ocrx_word' id='word_1_15' title='bbox 1337 361 1495 402; x_wconf 86' lang='lat' dir='ltr'>dictam</span> <span class='ocrx_word' id='word_1_16' title='bbox 1517 359 1646 400; x_wconf 85' lang='lat' dir='ltr'>altam</span> <span class='ocrx_word' id='word_1_17' title='bbox 1668 359 1799 399; x_wconf 92' lang='grc'>00010-</span> 
     </span>
     <span class='ocr_line' id='line_1_3' title="bbox 202 428 1801 483; baseline -0.001 -15"><span class='ocrx_word' id='word_1_18' title='bbox 202 428 309 468; x_wconf 83' lang='lat' dir='ltr'>siam</span> <span class='ocrx_word' id='word_1_19' title='bbox 341 443 391 469; x_wconf 85' lang='lat' dir='ltr'>ex</span> <span class='ocrx_word' id='word_1_20' title='bbox 424 434 544 482; x_wconf 85' lang='lat' dir='ltr'>parte</span> <span class='ocrx_word' id='word_1_21' title='bbox 577 430 753 470; x_wconf 79' lang='lat' dir='ltr'>australi</span> <span class='ocrx_word' id='word_1_22' title='bbox 786 435 828 471; x_wconf 91' lang='lat' dir='ltr'>et</span> <span class='ocrx_word' id='word_1_23' title='bbox 862 430 1098 470; x_wconf 84' lang='lat' dir='ltr'>extendunt</span> <span class='ocrx_word' id='word_1_24' title='bbox 1132 430 1178 470; x_wconf 91' lang='lat' dir='ltr'>in</span> <span class='ocrx_word' id='word_1_25' title='bbox 1209 429 1478 483; x_wconf 78' lang='lat' dir='ltr'>longitudine</span> <span class='ocrx_word' id='word_1_26' title='bbox 1505 443 1528 469; x_wconf 88' lang='lat' dir='ltr'>a</span> <span class='ocrx_word' id='word_1_27' title='bbox 1561 428 1675 468; x_wconf 85' lang='lat' dir='ltr'>dieto</span> <span class='ocrx_word' id='word_1_28' title='bbox 1707 428 1801 468; x_wconf 92' lang='grc'>1000</span> 
     </span>
     <span class='ocr_line' id='line_1_4' title="bbox 200 497 1801 553; baseline -0.001 -16"><span class='ocrx_word' id='word_1_29' title='bbox 200 502 349 538; x_wconf 80' lang='lat' dir='ltr'>vocato</span> <span class='ocrx_word' id='word_1_30' title='bbox 383 498 588 538; x_wconf 84' lang='lat' dir='ltr'>Marketh</span> <span class='ocrx_word' id='word_1_31' title='bbox 620 503 718 553; x_wconf 88' lang='lat' dir='ltr'>yate</span> <span class='ocrx_word' id='word_1_32' title='bbox 744 513 794 539; x_wconf 87' lang='lat' dir='ltr'>ex</span> <span class='ocrx_word' id='word_1_33' title='bbox 827 503 948 552; x_wconf 87' lang='lat' dir='ltr'>parte</span> <span class='ocrx_word' id='word_1_34' title='bbox 974 498 1227 539; x_wconf 79' lang='lat' dir='ltr'>occidentali</span> <span class='ocrx_word' id='word_1_35' title='bbox 1258 513 1392 552; x_wconf 89' lang='lat' dir='ltr'>usque</span> <span class='ocrx_word' id='word_1_36' title='bbox 1426 498 1479 538; x_wconf 91' lang='lat' dir='ltr'>ad</span> <span class='ocrx_word' id='word_1_37' title='bbox 1510 497 1801 550; x_wconf 84' lang='lat' dir='ltr'>messuagium</span> 
     </span>
     <span class='ocr_line' id='line_1_5' title="bbox 201 565 1800 621; baseline -0.001 -15"><span class='ocrx_word' id='word_1_38' title='bbox 201 567 423 607; x_wconf 73' lang='lat' dir='ltr'>VVilliolnii</span> <span class='ocrx_word' id='word_1_39' title='bbox 456 567 636 607; x_wconf 84' lang='lat' dir='ltr'>Botiller</span> <span class='ocrx_word' id='word_1_40' title='bbox 667 568 713 608; x_wconf 91' lang='lat' dir='ltr'>in</span> <span class='ocrx_word' id='word_1_41' title='bbox 745 572 899 609; x_wconf 84' lang='lat' dir='ltr'>tenura</span> <span class='ocrx_word' id='word_1_42' title='bbox 934 568 961 607; x_wconf 88' lang='lat' dir='ltr'><strong>J</strong></span> <span class='ocrx_word' id='word_1_43' title='bbox 965 567 1144 608; x_wconf 88' lang='lat' dir='ltr'>ohannis</span> <span class='ocrx_word' id='word_1_44' title='bbox 1178 568 1329 621; x_wconf 88' lang='lat' dir='ltr'>Massy</span> <span class='ocrx_word' id='word_1_45' title='bbox 1359 581 1409 608; x_wconf 83' lang='lat' dir='ltr'>ex</span> <span class='ocrx_word' id='word_1_46' title='bbox 1439 571 1559 621; x_wconf 90' lang='lat' dir='ltr'>parte</span> <span class='ocrx_word' id='word_1_47' title='bbox 1590 565 1800 606; x_wconf 77' lang='lat' dir='ltr'>orientali.</span> 
     </span>
     <span class='ocr_line' id='line_1_6' title="bbox 200 635 1802 677; baseline -0.001 -2"><span class='ocrx_word' id='word_1_48' title='bbox 200 636 257 675; x_wconf 79' lang='lat' dir='ltr'>Et</span> <span class='ocrx_word' id='word_1_49' title='bbox 279 635 393 675; x_wconf 87' lang='lat' dir='ltr'>dicta</span> <span class='ocrx_word' id='word_1_50' title='bbox 418 650 523 676; x_wconf 74' lang='lat' dir='ltr'>uxor</span> <span class='ocrx_word' id='word_1_51' title='bbox 550 636 772 677; x_wconf 86' lang='lat' dir='ltr'>Laurentii</span> <span class='ocrx_word' id='word_1_52' title='bbox 799 636 1023 677; x_wconf 85' lang='lat' dir='ltr'>Balfrunte</span> <span class='ocrx_word' id='word_1_53' title='bbox 1050 636 1179 677; x_wconf 86' lang='lat' dir='ltr'>habet</span> <span class='ocrx_word' id='word_1_54' title='bbox 1206 636 1364 676; x_wconf 86' lang='lat' dir='ltr'>dietam</span> <span class='ocrx_word' id='word_1_55' title='bbox 1391 636 1531 676; x_wconf 88' lang='lat' dir='ltr'>aulam</span> <span class='ocrx_word' id='word_1_56' title='bbox 1557 635 1611 675; x_wconf 86' lang='lat' dir='ltr'>ad</span> <span class='ocrx_word' id='word_1_57' title='bbox 1637 639 1802 675; x_wconf 85' lang='lat' dir='ltr'>certum</span> 
     </span>
     <span class='ocr_line' id='line_1_7' title="bbox 198 704 1802 759; baseline -0.001 -15"><span class='ocrx_word' id='word_1_58' title='bbox 198 705 431 745; x_wconf 86' lang='lat' dir='ltr'>terminum</span> <span class='ocrx_word' id='word_1_59' title='bbox 464 710 512 745; x_wconf 88' lang='lat' dir='ltr'>ut</span> <span class='ocrx_word' id='word_1_60' title='bbox 544 710 662 759; x_wconf 87' lang='lat' dir='ltr'>patet</span> <span class='ocrx_word' id='word_1_61' title='bbox 694 720 768 759; x_wconf 85' lang='lat' dir='ltr'>per</span> <span class='ocrx_word' id='word_1_62' title='bbox 799 706 1050 746; x_wconf 86' lang='lat' dir='ltr'>indenturas</span> <span class='ocrx_word' id='word_1_63' title='bbox 1077 705 1190 746; x_wconf 89' lang='lat' dir='ltr'>inter</span> <span class='ocrx_word' id='word_1_64' title='bbox 1217 705 1378 746; x_wconf 85' lang='lat' dir='ltr'>dictum</span> <span class='ocrx_word' id='word_1_65' title='bbox 1407 706 1583 745; x_wconf 90' lang='lat' dir='ltr'>Petrum</span> <span class='ocrx_word' id='word_1_66' title='bbox 1611 704 1732 757; x_wconf 85' lang='lat' dir='ltr'>Legh</span> <span class='ocrx_word' id='word_1_67' title='bbox 1758 709 1802 744; x_wconf 90' lang='lat' dir='ltr'>et</span> 
     </span>
     <span class='ocr_line' id='line_1_8' title="bbox 199 773 1800 828; baseline -0.002 -12"><span class='ocrx_word' id='word_1_68' title='bbox 199 774 479 816; x_wconf 81' lang='lat' dir='ltr'>Laurentium</span> <span class='ocrx_word' id='word_1_69' title='bbox 500 773 646 815; x_wconf 80' lang='lat' dir='ltr'>factas.</span> <span class='ocrx_word' id='word_1_70' title='bbox 722 775 827 817; x_wconf 78' lang='lat' dir='ltr'>Quae</span> <span class='ocrx_word' id='word_1_71' title='bbox 848 775 990 815; x_wconf 87' lang='lat' dir='ltr'>valent</span> <span class='ocrx_word' id='word_1_72' title='bbox 1011 789 1086 828; x_wconf 85' lang='lat' dir='ltr'>per</span> <span class='ocrx_word' id='word_1_73' title='bbox 1107 789 1268 815; x_wconf 87' lang='lat' dir='ltr'>annum</span> <span class='ocrx_word' id='word_1_74' title='bbox 1297 781 1346 815; x_wconf 89' lang='lat' dir='ltr'>ut</span> <span class='ocrx_word' id='word_1_75' title='bbox 1378 773 1632 827; x_wconf 75' lang='lat' dir='ltr'>supponitur</span> <span class='ocrx_word' id='word_1_76' title='bbox 1654 773 1800 813; x_wconf 82' lang='lat' dir='ltr'>decem</span> 
     </span>
     <span class='ocr_line' id='line_1_9' title="bbox 198 842 1802 897; baseline -0.002 -13"><span class='ocrx_word' id='word_1_77' title='bbox 198 844 355 885; x_wconf 85' lang='lat' dir='ltr'>solidos</span> <span class='ocrx_word' id='word_1_78' title='bbox 378 858 474 884; x_wconf 87' lang='lat' dir='ltr'>cum</span> <span class='ocrx_word' id='word_1_79' title='bbox 497 843 668 884; x_wconf 86' lang='lat' dir='ltr'>servitio</span> <span class='ocrx_word' id='word_1_80' title='bbox 690 843 871 884; x_wconf 88' lang='lat' dir='ltr'>duorum</span> <span class='ocrx_word' id='word_1_81' title='bbox 893 844 1059 885; x_wconf 87' lang='lat' dir='ltr'>dierum</span> <span class='ocrx_word' id='word_1_82' title='bbox 1085 843 1429 897; x_wconf 86' lang='lat' dir='ltr'>autumpnalium</span> <span class='ocrx_word' id='word_1_83' title='bbox 1450 856 1543 896; x_wconf 83' lang='lat' dir='ltr'>quae</span> <span class='ocrx_word' id='word_1_84' title='bbox 1562 842 1705 883; x_wconf 88' lang='lat' dir='ltr'>valent</span> <span class='ocrx_word' id='word_1_85' title='bbox 1726 855 1802 895; x_wconf 89' lang='lat' dir='ltr'>per</span> 
     </span>
     <span class='ocr_line' id='line_1_10' title="bbox 198 912 793 966; baseline -0.002 -12"><span class='ocrx_word' id='word_1_86' title='bbox 198 928 358 954; x_wconf 89' lang='lat' dir='ltr'>annum</span> <span class='ocrx_word' id='word_1_87' title='bbox 381 916 563 966; x_wconf 86' lang='lat' dir='ltr'>quatuor</span> <span class='ocrx_word' id='word_1_88' title='bbox 584 912 793 953; x_wconf 85' lang='lat' dir='ltr'>denarios.</span> 
     </span>
    </p>

    <p class='ocr_par' dir='ltr' id='par_1_3' title="bbox 194 979 1803 1516">
     <span class='ocr_line' id='line_1_11' title="bbox 257 979 1801 1036; baseline -0.001 -16"><span class='ocrx_word' id='word_1_89' title='bbox 257 984 278 1036; x_wconf 66' lang='grc' dir='ltr'>ξ</span> <span class='ocrx_word' id='word_1_90' title='bbox 302 982 415 1021; x_wconf 87' lang='lat' dir='ltr'>Item</span> <span class='ocrx_word' id='word_1_91' title='bbox 438 981 577 1020; x_wconf 84' lang='lat' dir='ltr'>dietus</span> <span class='ocrx_word' id='word_1_92' title='bbox 599 981 752 1021; x_wconf 89' lang='lat' dir='ltr'>Petrus</span> <span class='ocrx_word' id='word_1_93' title='bbox 778 981 910 1022; x_wconf 87' lang='lat' dir='ltr'>habet</span> <span class='ocrx_word' id='word_1_94' title='bbox 930 982 977 1022; x_wconf 89' lang='lat' dir='ltr'>in</span> <span class='ocrx_word' id='word_1_95' title='bbox 998 985 1133 1022; x_wconf 88' lang='lat' dir='ltr'>strato</span> <span class='ocrx_word' id='word_1_96' title='bbox 1153 986 1302 1022; x_wconf 85' lang='lat' dir='ltr'>vocato</span> <span class='ocrx_word' id='word_1_97' title='bbox 1322 981 1362 1021; x_wconf 93' lang='grc'>10</span> <span class='ocrx_word' id='word_1_98' title='bbox 1385 980 1670 1035; x_wconf 84' lang='lat' dir='ltr'>Kyrkestrete</span> <span class='ocrx_word' id='word_1_99' title='bbox 1690 979 1801 1020; x_wconf 87' lang='lat' dir='ltr'>villae</span> 
     </span>
     <span class='ocr_line' id='line_1_12' title="bbox 196 1049 1801 1104; baseline -0.002 -13"><span class='ocrx_word' id='word_1_100' title='bbox 196 1050 408 1104; x_wconf 84' lang='lat' dir='ltr'>praedietae</span> <span class='ocrx_word' id='word_1_101' title='bbox 429 1064 564 1089; x_wconf 90' lang='lat' dir='ltr'>unum</span> <span class='ocrx_word' id='word_1_102' title='bbox 584 1064 761 1103; x_wconf 83' lang='lat' dir='ltr'>parvum</span> <span class='ocrx_word' id='word_1_103' title='bbox 783 1050 1010 1104; x_wconf 82' lang='lat' dir='ltr'>gardinum</span> <span class='ocrx_word' id='word_1_104' title='bbox 1031 1050 1256 1091; x_wconf 82' lang='lat' dir='ltr'>continens</span> <span class='ocrx_word' id='word_1_105' title='bbox 1279 1050 1362 1090; x_wconf 87' lang='lat' dir='ltr'>duo</span> <span class='ocrx_word' id='word_1_106' title='bbox 1382 1050 1493 1091; x_wconf 84' lang='lat' dir='ltr'>lecta</span> <span class='ocrx_word' id='word_1_107' title='bbox 1513 1053 1637 1089; x_wconf 67' lang='lat' dir='ltr'>terra}</span> <span class='ocrx_word' id='word_1_108' title='bbox 1652 1049 1801 1102; x_wconf 82' lang='lat' dir='ltr'>jacens</span> 
     </span>
     <span class='ocr_line' id='line_1_13' title="bbox 195 1116 1802 1173; baseline -0.001 -15"><span class='ocrx_word' id='word_1_109' title='bbox 195 1119 241 1159; x_wconf 90' lang='lat' dir='ltr'>in</span> <span class='ocrx_word' id='word_1_110' title='bbox 261 1118 489 1158; x_wconf 89' lang='lat' dir='ltr'>latitudine</span> <span class='ocrx_word' id='word_1_111' title='bbox 514 1118 628 1158; x_wconf 88' lang='lat' dir='ltr'>inter</span> <span class='ocrx_word' id='word_1_112' title='bbox 654 1123 770 1160; x_wconf 82' lang='lat' dir='ltr'>certa</span> <span class='ocrx_word' id='word_1_113' title='bbox 799 1119 910 1160; x_wconf 77' lang='lat' dir='ltr'>lecta</span> <span class='ocrx_word' id='word_1_114' title='bbox 935 1119 1152 1173; x_wconf 85' lang='lat' dir='ltr'>Ranulphi</span> <span class='ocrx_word' id='word_1_115' title='bbox 1179 1119 1339 1160; x_wconf 80' lang='lat' dir='ltr'>Rixton</span> <span class='ocrx_word' id='word_1_116' title='bbox 1369 1119 1415 1159; x_wconf 90' lang='lat' dir='ltr'>in</span> <span class='ocrx_word' id='word_1_117' title='bbox 1445 1123 1599 1158; x_wconf 88' lang='lat' dir='ltr'>tenura</span> <span class='ocrx_word' id='word_1_118' title='bbox 1630 1116 1802 1157; x_wconf 80' lang='lat' dir='ltr'>Ricardi</span> 
     </span>
     <span class='ocr_line' id='line_1_14' title="bbox 196 1186 1802 1242; baseline -0.001 -15"><span class='ocrx_word' id='word_1_119' title='bbox 196 1189 347 1241; x_wconf 85' lang='lat' dir='ltr'>Massy</span> <span class='ocrx_word' id='word_1_120' title='bbox 363 1202 413 1227; x_wconf 80' lang='lat' dir='ltr'>ex</span> <span class='ocrx_word' id='word_1_121' title='bbox 433 1192 553 1240; x_wconf 85' lang='lat' dir='ltr'>parte</span> <span class='ocrx_word' id='word_1_122' title='bbox 569 1187 822 1229; x_wconf 82' lang='lat' dir='ltr'>occidentali</span> <span class='ocrx_word' id='word_1_123' title='bbox 839 1193 881 1228; x_wconf 88' lang='lat' dir='ltr'>et</span> <span class='ocrx_word' id='word_1_124' title='bbox 898 1189 1125 1242; x_wconf 83' lang='lat' dir='ltr'>gardinum</span> <span class='ocrx_word' id='word_1_125' title='bbox 1146 1188 1370 1228; x_wconf 79' lang='lat' dir='ltr'>Willielmi</span> <span class='ocrx_word' id='word_1_126' title='bbox 1392 1187 1572 1228; x_wconf 85' lang='lat' dir='ltr'>Botiller</span> <span class='ocrx_word' id='word_1_127' title='bbox 1587 1186 1633 1226; x_wconf 90' lang='lat' dir='ltr'>in</span> <span class='ocrx_word' id='word_1_128' title='bbox 1649 1191 1802 1226; x_wconf 89' lang='lat' dir='ltr'>tenura</span> 
     </span>
     <span class='ocr_line' id='line_1_15' title="bbox 196 1255 1803 1310; baseline -0.001 -15"><span class='ocrx_word' id='word_1_129' title='bbox 196 1256 300 1296; x_wconf 85' lang='lat' dir='ltr'>dieti</span> <span class='ocrx_word' id='word_1_130' title='bbox 322 1255 494 1295; x_wconf 84' lang='lat' dir='ltr'>Rieardi</span> <span class='ocrx_word' id='word_1_131' title='bbox 516 1256 667 1310; x_wconf 83' lang='lat' dir='ltr'>Massy</span> <span class='ocrx_word' id='word_1_132' title='bbox 689 1270 739 1296; x_wconf 77' lang='lat' dir='ltr'>ex</span> <span class='ocrx_word' id='word_1_133' title='bbox 764 1261 884 1310; x_wconf 86' lang='lat' dir='ltr'>parte</span> <span class='ocrx_word' id='word_1_134' title='bbox 910 1257 1106 1298; x_wconf 86' lang='lat' dir='ltr'>orientali</span> <span class='ocrx_word' id='word_1_135' title='bbox 1132 1262 1174 1298; x_wconf 86' lang='lat' dir='ltr'>et</span> <span class='ocrx_word' id='word_1_136' title='bbox 1208 1256 1400 1297; x_wconf 76' lang='lat' dir='ltr'>extendit</span> <span class='ocrx_word' id='word_1_137' title='bbox 1420 1256 1466 1296; x_wconf 91' lang='lat' dir='ltr'>in</span> <span class='ocrx_word' id='word_1_138' title='bbox 1486 1255 1756 1309; x_wconf 83' lang='lat' dir='ltr'>longitudine</span> <span class='ocrx_word' id='word_1_139' title='bbox 1779 1269 1803 1295; x_wconf 87' lang='lat' dir='ltr'>a</span> 
     </span>
     <span class='ocr_line' id='line_1_16' title="bbox 196 1324 1802 1379; baseline -0.001 -15"><span class='ocrx_word' id='word_1_140' title='bbox 196 1324 311 1365; x_wconf 84' lang='lat' dir='ltr'>dicta</span> <span class='ocrx_word' id='word_1_141' title='bbox 333 1329 466 1364; x_wconf 84' lang='lat' dir='ltr'>strata</span> <span class='ocrx_word' id='word_1_142' title='bbox 482 1324 533 1365; x_wconf 87' lang='lat' dir='ltr'>de</span> <span class='ocrx_word' id='word_1_143' title='bbox 552 1325 836 1379; x_wconf 83' lang='lat' dir='ltr'>Kyrkestrete</span> <span class='ocrx_word' id='word_1_144' title='bbox 853 1326 1056 1379; x_wconf 78' lang='lat' dir='ltr'>praedicta</span> <span class='ocrx_word' id='word_1_145' title='bbox 1072 1340 1121 1367; x_wconf 82' lang='lat' dir='ltr'>ex</span> <span class='ocrx_word' id='word_1_146' title='bbox 1137 1331 1257 1379; x_wconf 89' lang='lat' dir='ltr'>parte</span> <span class='ocrx_word' id='word_1_147' title='bbox 1273 1325 1433 1366; x_wconf 87' lang='lat' dir='ltr'>boreali</span> <span class='ocrx_word' id='word_1_148' title='bbox 1455 1338 1589 1377; x_wconf 84' lang='lat' dir='ltr'>usque</span> <span class='ocrx_word' id='word_1_149' title='bbox 1607 1324 1659 1364; x_wconf 88' lang='lat' dir='ltr'>ad</span> <span class='ocrx_word' id='word_1_150' title='bbox 1681 1338 1802 1364; x_wconf 85' lang='lat' dir='ltr'>orrea</span> 
     </span>
     <span class='ocr_line' id='line_1_17' title="bbox 194 1392 1800 1449; baseline -0.001 -16"><span class='ocrx_word' id='word_1_151' title='bbox 194 1393 387 1434; x_wconf 60' lang='lat' dir='ltr'>rectoria}</span> <span class='ocrx_word' id='word_1_152' title='bbox 409 1393 596 1433; x_wconf 81' lang='lat' dir='ltr'>ecelesiae</span> <span class='ocrx_word' id='word_1_153' title='bbox 618 1393 714 1434; x_wconf 75' lang='lat' dir='ltr'>altae</span> <span class='ocrx_word' id='word_1_154' title='bbox 736 1394 788 1434; x_wconf 88' lang='lat' dir='ltr'>de</span> <span class='ocrx_word' id='word_1_155' title='bbox 809 1394 1081 1449; x_wconf 83' lang='lat' dir='ltr'>Weryngton</span> <span class='ocrx_word' id='word_1_156' title='bbox 1102 1409 1153 1436; x_wconf 79' lang='lat' dir='ltr'>ex</span> <span class='ocrx_word' id='word_1_157' title='bbox 1173 1399 1293 1448; x_wconf 86' lang='lat' dir='ltr'>parte</span> <span class='ocrx_word' id='word_1_158' title='bbox 1315 1393 1503 1444; x_wconf 81' lang='lat' dir='ltr'>australi,</span> <span class='ocrx_word' id='word_1_159' title='bbox 1527 1393 1640 1447; x_wconf 87' lang='lat' dir='ltr'>quod</span> <span class='ocrx_word' id='word_1_160' title='bbox 1661 1392 1800 1446; x_wconf 88' lang='lat' dir='ltr'>gardi-</span> 
     </span>
     <span class='ocr_line' id='line_1_18' title="bbox 195 1462 1358 1516; baseline 0.001 -15"><span class='ocrx_word' id='word_1_161' title='bbox 195 1477 301 1502; x_wconf 91' lang='lat' dir='ltr'>num</span> <span class='ocrx_word' id='word_1_162' title='bbox 322 1462 434 1502; x_wconf 85' lang='lat' dir='ltr'>valet</span> <span class='ocrx_word' id='word_1_163' title='bbox 454 1475 530 1515; x_wconf 87' lang='lat' dir='ltr'>per</span> <span class='ocrx_word' id='word_1_164' title='bbox 551 1476 711 1502; x_wconf 89' lang='lat' dir='ltr'>annum</span> <span class='ocrx_word' id='word_1_165' title='bbox 734 1462 848 1503; x_wconf 89' lang='grc'>(11010</span> <span class='ocrx_word' id='word_1_166' title='bbox 870 1464 999 1503; x_wconf 84' lang='lat' dir='ltr'>Petro</span> <span class='ocrx_word' id='word_1_167' title='bbox 1021 1463 1142 1516; x_wconf 88' lang='lat' dir='ltr'>Legh</span> <span class='ocrx_word' id='word_1_168' title='bbox 1163 1462 1358 1504; x_wconf 84' lang='lat' dir='ltr'>videlieet</span> 
     </span>
    </p>
   </div>
   <div class='ocr_carea' id='block_1_3' title="bbox 1371 1486 1486 1490">
    <p class='ocr_par' dir='ltr' id='par_1_4' title="bbox 1371 1486 1486 1490">
     <span class='ocr_line' id='line_1_19' title="bbox 1371 1486 1486 1490; baseline 0 0"><span class='ocrx_word' id='word_1_169' title='bbox 1371 1486 1486 1490; x_wconf 95' lang='lat' dir='ltr'> </span> 
     </span>
    </p>
   </div>
   <div class='ocr_carea' id='block_1_4' title="bbox 192 1597 1801 2543">
    <p class='ocr_par' dir='ltr' id='par_1_5' title="bbox 192 1597 1801 2543">
     <span class='ocr_line' id='line_1_20' title="bbox 255 1597 1799 1654; baseline -0.001 -16"><span class='ocrx_word' id='word_1_170' title='bbox 255 1599 605 1654; x_wconf 61' lang='lat' dir='ltr'>§anssmms</span> <span class='ocrx_word' id='word_1_171' title='bbox 639 1599 806 1639; x_wconf 70' lang='lat' dir='ltr'>Homm</span> <span class='ocrx_word' id='word_1_172' title='bbox 841 1603 960 1639; x_wconf 86' lang='lat' dir='ltr'>tenet</span> <span class='ocrx_word' id='word_1_173' title='bbox 994 1599 1046 1639; x_wconf 89' lang='lat' dir='ltr'>de</span> <span class='ocrx_word' id='word_1_174' title='bbox 1082 1599 1197 1640; x_wconf 86' lang='grc'>(11010</span> <span class='ocrx_word' id='word_1_175' title='bbox 1230 1600 1356 1639; x_wconf 88' lang='lat' dir='ltr'>Petro</span> <span class='ocrx_word' id='word_1_176' title='bbox 1397 1612 1531 1639; x_wconf 90' lang='lat' dir='ltr'>unum</span> <span class='ocrx_word' id='word_1_177' title='bbox 1572 1597 1799 1651; x_wconf 84' lang='lat' dir='ltr'>gardinum</span> 
     </span>
     <span class='ocr_line' id='line_1_21' title="bbox 196 1665 1800 1722; baseline -0.001 -15"><span class='ocrx_word' id='word_1_178' title='bbox 196 1667 419 1707; x_wconf 83' lang='lat' dir='ltr'>continens</span> <span class='ocrx_word' id='word_1_179' title='bbox 442 1681 577 1707; x_wconf 89' lang='lat' dir='ltr'>unum</span> <span class='ocrx_word' id='word_1_180' title='bbox 597 1667 733 1706; x_wconf 90' lang='lat' dir='ltr'>latum</span> <span class='ocrx_word' id='word_1_181' title='bbox 763 1667 923 1708; x_wconf 82' lang='lat' dir='ltr'>lectum</span> <span class='ocrx_word' id='word_1_182' title='bbox 953 1672 1077 1708; x_wconf 85' lang='lat' dir='ltr'>terrae</span> <span class='ocrx_word' id='word_1_183' title='bbox 1104 1669 1251 1722; x_wconf 82' lang='lat' dir='ltr'>jacens</span> <span class='ocrx_word' id='word_1_184' title='bbox 1272 1668 1318 1708; x_wconf 90' lang='lat' dir='ltr'>in</span> <span class='ocrx_word' id='word_1_185' title='bbox 1339 1672 1433 1708; x_wconf 88' lang='lat' dir='ltr'>orto</span> <span class='ocrx_word' id='word_1_186' title='bbox 1453 1671 1602 1707; x_wconf 82' lang='lat' dir='ltr'>vocato</span> <span class='ocrx_word' id='word_1_187' title='bbox 1624 1665 1800 1707; x_wconf 86' lang='lat' dir='ltr'>Davidis</span> 
     </span>
     <span class='ocr_line' id='line_1_22' title="bbox 196 1735 1801 1790; baseline -0.001 -14"><span class='ocrx_word' id='word_1_188' title='bbox 196 1736 327 1790; x_wconf 85' lang='lat' dir='ltr'>yorde</span> <span class='ocrx_word' id='word_1_189' title='bbox 349 1736 423 1776; x_wconf 83' lang='lat' dir='ltr'>the</span> <span class='ocrx_word' id='word_1_190' title='bbox 445 1736 626 1776; x_wconf 82' lang='lat' dir='ltr'>webster</span> <span class='ocrx_word' id='word_1_191' title='bbox 651 1735 696 1775; x_wconf 87' lang='lat' dir='ltr'>in</span> <span class='ocrx_word' id='word_1_192' title='bbox 722 1735 952 1776; x_wconf 89' lang='lat' dir='ltr'>latitudine</span> <span class='ocrx_word' id='word_1_193' title='bbox 982 1736 1095 1776; x_wconf 90' lang='lat' dir='ltr'>inter</span> <span class='ocrx_word' id='word_1_194' title='bbox 1125 1737 1285 1777; x_wconf 83' lang='lat' dir='ltr'>lectum</span> <span class='ocrx_word' id='word_1_195' title='bbox 1306 1735 1529 1776; x_wconf 87' lang='lat' dir='ltr'>Willielmi</span> <span class='ocrx_word' id='word_1_196' title='bbox 1555 1735 1734 1775; x_wconf 85' lang='lat' dir='ltr'>Botiller</span> <span class='ocrx_word' id='word_1_197' title='bbox 1754 1735 1801 1774; x_wconf 88' lang='lat' dir='ltr'>in</span> 
     </span>
     <span class='ocr_line' id='line_1_23' title="bbox 195 1803 1800 1858; baseline 0 -14"><span class='ocrx_word' id='word_1_198' title='bbox 195 1810 349 1844; x_wconf 68' lang='lat' dir='ltr'>teniu&#39;a</span> <span class='ocrx_word' id='word_1_199' title='bbox 389 1804 493 1844; x_wconf 89' lang='grc'>(11011</span> <span class='ocrx_word' id='word_1_200' title='bbox 526 1803 749 1844; x_wconf 75' lang='lat' dir='ltr'>Willielmi</span> <span class='ocrx_word' id='word_1_201' title='bbox 784 1804 941 1844; x_wconf 85' lang='lat' dir='ltr'>Holme</span> <span class='ocrx_word' id='word_1_202' title='bbox 974 1819 1022 1844; x_wconf 80' lang='lat' dir='ltr'>ex</span> <span class='ocrx_word' id='word_1_203' title='bbox 1057 1809 1176 1858; x_wconf 83' lang='lat' dir='ltr'>parte</span> <span class='ocrx_word' id='word_1_204' title='bbox 1211 1804 1385 1844; x_wconf 86' lang='lat' dir='ltr'>australi</span> <span class='ocrx_word' id='word_1_205' title='bbox 1419 1803 1579 1844; x_wconf 82' lang='lat' dir='ltr'>scilieet</span> <span class='ocrx_word' id='word_1_206' title='bbox 1613 1807 1655 1843; x_wconf 90' lang='lat' dir='ltr'>et</span> <span class='ocrx_word' id='word_1_207' title='bbox 1687 1803 1800 1844; x_wconf 88' lang='lat' dir='ltr'>inter</span> 
     </span>
     <span class='ocr_line' id='line_1_24' title="bbox 196 1871 1800 1925; baseline -0.001 -13"><span class='ocrx_word' id='word_1_208' title='bbox 196 1873 358 1913; x_wconf 87' lang='lat' dir='ltr'>dietum</span> <span class='ocrx_word' id='word_1_209' title='bbox 382 1878 565 1913; x_wconf 87' lang='lat' dir='ltr'>stratum</span> <span class='ocrx_word' id='word_1_210' title='bbox 587 1872 815 1913; x_wconf 83' lang='grc' dir='ltr'>(11100111οι11</span> <span class='ocrx_word' id='word_1_211' title='bbox 850 1887 873 1913; x_wconf 91' lang='lat' dir='ltr'>a</span> <span class='ocrx_word' id='word_1_212' title='bbox 905 1872 1023 1913; x_wconf 87' lang='lat' dir='ltr'>fonte</span> <span class='ocrx_word' id='word_1_213' title='bbox 1052 1877 1200 1913; x_wconf 79' lang='lat' dir='ltr'>vocato</span> <span class='ocrx_word' id='word_1_214' title='bbox 1224 1872 1561 1913; x_wconf 77' lang='lat' dir='ltr'>Halluinswallel</span> <span class='ocrx_word' id='word_1_215' title='bbox 1590 1885 1724 1925; x_wconf 79' lang='lat' dir='ltr'>usque</span> <span class='ocrx_word' id='word_1_216' title='bbox 1747 1871 1800 1912; x_wconf 90' lang='lat' dir='ltr'>ad</span> 
     </span>
     <span class='ocr_line' id='line_1_25' title="bbox 195 1939 1798 1995; baseline -0.001 -14"><span class='ocrx_word' id='word_1_217' title='bbox 195 1941 417 1982; x_wconf 81' lang='lat' dir='ltr'>ecelesiam</span> <span class='ocrx_word' id='word_1_218' title='bbox 451 1942 581 1982; x_wconf 87' lang='lat' dir='ltr'>altam</span> <span class='ocrx_word' id='word_1_219' title='bbox 614 1955 662 1981; x_wconf 88' lang='lat' dir='ltr'>ex</span> <span class='ocrx_word' id='word_1_220' title='bbox 698 1946 818 1994; x_wconf 86' lang='lat' dir='ltr'>parte</span> <span class='ocrx_word' id='word_1_221' title='bbox 845 1941 1021 1981; x_wconf 88' lang='lat' dir='ltr'>australi</span> <span class='ocrx_word' id='word_1_222' title='bbox 1050 1946 1092 1981; x_wconf 84' lang='lat' dir='ltr'>et</span> <span class='ocrx_word' id='word_1_223' title='bbox 1124 1956 1302 1995; x_wconf 85' lang='lat' dir='ltr'>parvum</span> <span class='ocrx_word' id='word_1_224' title='bbox 1336 1941 1563 1994; x_wconf 87' lang='lat' dir='ltr'>gardinum</span> <span class='ocrx_word' id='word_1_225' title='bbox 1597 1939 1713 1980; x_wconf 88' lang='lat' dir='ltr'>Petri</span> <span class='ocrx_word' id='word_1_226' title='bbox 1747 1940 1798 1980; x_wconf 91' lang='lat' dir='ltr'>de</span> 
     </span>
     <span class='ocr_line' id='line_1_26' title="bbox 194 2008 1800 2063; baseline -0.001 -13"><span class='ocrx_word' id='word_1_227' title='bbox 194 2010 458 2050; x_wconf 77' lang='lat' dir='ltr'>Werburton</span> <span class='ocrx_word' id='word_1_228' title='bbox 482 2010 528 2050; x_wconf 91' lang='lat' dir='ltr'>in</span> <span class='ocrx_word' id='word_1_229' title='bbox 561 2014 715 2050; x_wconf 89' lang='lat' dir='ltr'>tenura</span> <span class='ocrx_word' id='word_1_230' title='bbox 747 2009 850 2050; x_wconf 88' lang='grc'>(11011</span> <span class='ocrx_word' id='word_1_231' title='bbox 880 2008 1105 2050; x_wconf 86' lang='lat' dir='ltr'>Willielmi</span> <span class='ocrx_word' id='word_1_232' title='bbox 1137 2010 1295 2050; x_wconf 88' lang='lat' dir='ltr'>Holme</span> <span class='ocrx_word' id='word_1_233' title='bbox 1327 2024 1377 2050; x_wconf 80' lang='lat' dir='ltr'>ex</span> <span class='ocrx_word' id='word_1_234' title='bbox 1408 2013 1527 2063; x_wconf 83' lang='lat' dir='ltr'>parte</span> <span class='ocrx_word' id='word_1_235' title='bbox 1558 2008 1730 2059; x_wconf 88' lang='lat' dir='ltr'>boreali,</span> <span class='ocrx_word' id='word_1_236' title='bbox 1758 2013 1800 2049; x_wconf 87' lang='lat' dir='ltr'>et</span> 
     </span>
     <span class='ocr_line' id='line_1_27' title="bbox 194 2078 1797 2132; baseline -0.001 -13"><span class='ocrx_word' id='word_1_237' title='bbox 194 2079 386 2119; x_wconf 84' lang='lat' dir='ltr'>extendit</span> <span class='ocrx_word' id='word_1_238' title='bbox 409 2079 456 2118; x_wconf 91' lang='lat' dir='ltr'>in</span> <span class='ocrx_word' id='word_1_239' title='bbox 480 2078 751 2132; x_wconf 86' lang='lat' dir='ltr'>longitudine</span> <span class='ocrx_word' id='word_1_240' title='bbox 777 2092 801 2118; x_wconf 88' lang='lat' dir='ltr'>a</span> <span class='ocrx_word' id='word_1_241' title='bbox 824 2083 939 2119; x_wconf 90' lang='lat' dir='ltr'>terra</span> <span class='ocrx_word' id='word_1_242' title='bbox 963 2078 1159 2119; x_wconf 86' lang='lat' dir='ltr'>videlieet</span> <span class='ocrx_word' id='word_1_243' title='bbox 1185 2078 1369 2119; x_wconf 85' lang='lat' dir='ltr'>eroftum</span> <span class='ocrx_word' id='word_1_244' title='bbox 1394 2083 1537 2119; x_wconf 88' lang='lat' dir='ltr'>ortum</span> <span class='ocrx_word' id='word_1_245' title='bbox 1562 2082 1604 2118; x_wconf 91' lang='lat' dir='ltr'>et</span> <span class='ocrx_word' id='word_1_246' title='bbox 1636 2091 1797 2131; x_wconf 85' lang='lat' dir='ltr'>pomoe-</span> 
     </span>
     <span class='ocr_line' id='line_1_28' title="bbox 193 2146 1797 2201; baseline -0.001 -14"><span class='ocrx_word' id='word_1_247' title='bbox 193 2147 304 2187; x_wconf 83' lang='lat' dir='ltr'>rium</span> <span class='ocrx_word' id='word_1_248' title='bbox 320 2147 543 2187; x_wconf 80' lang='lat' dir='ltr'>Willielmi</span> <span class='ocrx_word' id='word_1_249' title='bbox 564 2147 823 2187; x_wconf 85' lang='lat' dir='ltr'>Blakehurst</span> <span class='ocrx_word' id='word_1_250' title='bbox 841 2146 894 2187; x_wconf 88' lang='lat' dir='ltr'>ad</span> <span class='ocrx_word' id='word_1_251' title='bbox 911 2151 1075 2187; x_wconf 84' lang='lat' dir='ltr'>eertum</span> <span class='ocrx_word' id='word_1_252' title='bbox 1091 2147 1324 2187; x_wconf 88' lang='lat' dir='ltr'>terminum</span> <span class='ocrx_word' id='word_1_253' title='bbox 1346 2161 1420 2201; x_wconf 86' lang='lat' dir='ltr'>per</span> <span class='ocrx_word' id='word_1_254' title='bbox 1437 2147 1599 2187; x_wconf 85' lang='lat' dir='ltr'>dietum</span> <span class='ocrx_word' id='word_1_255' title='bbox 1620 2147 1797 2187; x_wconf 86' lang='lat' dir='ltr'>Petrum</span> 
     </span>
     <span class='ocr_line' id='line_1_29' title="bbox 195 2215 1798 2270; baseline 0.001 -15"><span class='ocrx_word' id='word_1_256' title='bbox 195 2216 315 2269; x_wconf 84' lang='lat' dir='ltr'>Legh</span> <span class='ocrx_word' id='word_1_257' title='bbox 337 2216 450 2256; x_wconf 83' lang='lat' dir='ltr'>dieto</span> <span class='ocrx_word' id='word_1_258' title='bbox 471 2216 705 2257; x_wconf 79' lang='lat' dir='ltr'>Willielmo</span> <span class='ocrx_word' id='word_1_259' title='bbox 735 2230 810 2269; x_wconf 90' lang='lat' dir='ltr'>per</span> <span class='ocrx_word' id='word_1_260' title='bbox 840 2215 1115 2256; x_wconf 84' lang='lat' dir='ltr'>indenturam</span> <span class='ocrx_word' id='word_1_261' title='bbox 1137 2215 1312 2256; x_wconf 87' lang='lat' dir='ltr'>dimissa</span> <span class='ocrx_word' id='word_1_262' title='bbox 1333 2231 1383 2256; x_wconf 83' lang='lat' dir='ltr'>ex</span> <span class='ocrx_word' id='word_1_263' title='bbox 1403 2221 1523 2270; x_wconf 88' lang='lat' dir='ltr'>parte</span> <span class='ocrx_word' id='word_1_264' title='bbox 1545 2215 1798 2256; x_wconf 84' lang='lat' dir='ltr'>occidentali</span> 
     </span>
     <span class='ocr_line' id='line_1_30' title="bbox 192 2283 1798 2337; baseline 0 -13"><span class='ocrx_word' id='word_1_265' title='bbox 192 2298 327 2337; x_wconf 88' lang='lat' dir='ltr'>usque</span> <span class='ocrx_word' id='word_1_266' title='bbox 354 2284 406 2324; x_wconf 86' lang='lat' dir='ltr'>ad</span> <span class='ocrx_word' id='word_1_267' title='bbox 433 2283 646 2336; x_wconf 88' lang='lat' dir='ltr'>quandam</span> <span class='ocrx_word' id='word_1_268' title='bbox 667 2284 875 2324; x_wconf 85' lang='lat' dir='ltr'>venellam</span> <span class='ocrx_word' id='word_1_269' title='bbox 901 2288 1093 2324; x_wconf 85' lang='lat' dir='ltr'>vocatam</span> <span class='ocrx_word' id='word_1_270' title='bbox 1118 2283 1158 2323; x_wconf 88' lang='lat' dir='ltr'>le</span> <span class='ocrx_word' id='word_1_271' title='bbox 1186 2284 1331 2324; x_wconf 87' lang='lat' dir='ltr'>Hethe</span> <span class='ocrx_word' id='word_1_272' title='bbox 1359 2289 1490 2324; x_wconf 87' lang='lat' dir='ltr'>strete</span> <span class='ocrx_word' id='word_1_273' title='bbox 1518 2283 1746 2324; x_wconf 87' lang='lat' dir='ltr'>dueentem</span> <span class='ocrx_word' id='word_1_274' title='bbox 1773 2297 1798 2323; x_wconf 87' lang='lat' dir='ltr'>a</span> 
     </span>
     <span class='ocr_line' id='line_1_31' title="bbox 194 2351 1797 2406; baseline -0.001 -14"><span class='ocrx_word' id='word_1_275' title='bbox 194 2352 320 2392; x_wconf 89' lang='lat' dir='ltr'>domo</span> <span class='ocrx_word' id='word_1_276' title='bbox 345 2352 525 2392; x_wconf 78' lang='lat' dir='ltr'>haeredis</span> <span class='ocrx_word' id='word_1_277' title='bbox 553 2352 709 2404; x_wconf 83' lang='lat' dir='ltr'>Rogeri</span> <span class='ocrx_word' id='word_1_278' title='bbox 736 2352 996 2406; x_wconf 84' lang='lat' dir='ltr'>Arosmythe</span> <span class='ocrx_word' id='word_1_279' title='bbox 1022 2352 1149 2392; x_wconf 90' lang='lat' dir='ltr'>modo</span> <span class='ocrx_word' id='word_1_280' title='bbox 1175 2351 1221 2392; x_wconf 92' lang='lat' dir='ltr'>in</span> <span class='ocrx_word' id='word_1_281' title='bbox 1248 2357 1403 2393; x_wconf 87' lang='lat' dir='ltr'>tenura</span> <span class='ocrx_word' id='word_1_282' title='bbox 1435 2352 1539 2393; x_wconf 86' lang='lat' dir='ltr'>dieti</span> <span class='ocrx_word' id='word_1_283' title='bbox 1572 2351 1797 2392; x_wconf 85' lang='lat' dir='ltr'>Willielmi</span> 
     </span>
     <span class='ocr_line' id='line_1_32' title="bbox 195 2419 1796 2475; baseline 0 -14"><span class='ocrx_word' id='word_1_284' title='bbox 195 2421 353 2461; x_wconf 89' lang='lat' dir='ltr'>Holme</span> <span class='ocrx_word' id='word_1_285' title='bbox 374 2434 519 2460; x_wconf 86' lang='lat' dir='ltr'>versus</span> <span class='ocrx_word' id='word_1_286' title='bbox 544 2419 742 2460; x_wconf 88' lang='lat' dir='ltr'>brueram</span> <span class='ocrx_word' id='word_1_287' title='bbox 765 2420 816 2461; x_wconf 88' lang='lat' dir='ltr'>de</span> <span class='ocrx_word' id='word_1_288' title='bbox 837 2421 1110 2475; x_wconf 82' lang='lat' dir='ltr'>VVeryngton</span> <span class='ocrx_word' id='word_1_289' title='bbox 1142 2434 1193 2461; x_wconf 81' lang='lat' dir='ltr'>ex</span> <span class='ocrx_word' id='word_1_290' title='bbox 1225 2426 1345 2474; x_wconf 89' lang='lat' dir='ltr'>parte</span> <span class='ocrx_word' id='word_1_291' title='bbox 1378 2420 1588 2471; x_wconf 86' lang='lat' dir='ltr'>orientali,</span> <span class='ocrx_word' id='word_1_292' title='bbox 1616 2425 1659 2461; x_wconf 88' lang='lat' dir='ltr'>et</span> <span class='ocrx_word' id='word_1_293' title='bbox 1684 2421 1796 2461; x_wconf 84' lang='lat' dir='ltr'>valet</span> 
     </span>
     <span class='ocr_line' id='line_1_33' title="bbox 193 2488 1358 2543; baseline 0.001 -14"><span class='ocrx_word' id='word_1_294' title='bbox 193 2502 267 2542; x_wconf 89' lang='lat' dir='ltr'>per</span> <span class='ocrx_word' id='word_1_295' title='bbox 289 2503 448 2529; x_wconf 88' lang='lat' dir='ltr'>annum</span> <span class='ocrx_word' id='word_1_296' title='bbox 471 2488 584 2529; x_wconf 87' lang='lat' dir='ltr'>dicto</span> <span class='ocrx_word' id='word_1_297' title='bbox 605 2489 732 2529; x_wconf 87' lang='lat' dir='ltr'>Petro</span> <span class='ocrx_word' id='word_1_298' title='bbox 753 2504 827 2543; x_wconf 86' lang='lat' dir='ltr'>per</span> <span class='ocrx_word' id='word_1_299' title='bbox 849 2504 1010 2530; x_wconf 88' lang='lat' dir='ltr'>annum</span> <span class='ocrx_word' id='word_1_300' title='bbox 1031 2494 1127 2530; x_wconf 77' lang='lat' dir='ltr'>octo</span> <span class='ocrx_word' id='word_1_301' title='bbox 1149 2489 1358 2530; x_wconf 87' lang='lat' dir='ltr'>denarios.</span> 
     </span>
    </p>
   </div>
   <div class='ocr_carea' id='block_1_5' title="bbox 192 2597 1796 2749">
    <p class='ocr_par' dir='ltr' id='par_1_6' title="bbox 192 2597 1796 2749">
     <span class='ocr_line' id='line_1_34' title="bbox 237 2597 1796 2640; baseline -0.001 -10"><span class='ocrx_word' id='word_1_302' title='bbox 237 2599 246 2618; x_wconf 79' lang='lat'>¹</span> <span class='ocrx_word' id='word_1_303' title='bbox 263 2599 306 2630; x_wconf 92' lang='lat' dir='ltr'>In</span> <span class='ocrx_word' id='word_1_304' title='bbox 322 2599 382 2630; x_wconf 86' lang='lat' dir='ltr'>the</span> <span class='ocrx_word' id='word_1_305' title='bbox 398 2598 613 2640; x_wconf 85' lang='lat' dir='ltr'>manuscript</span> <span class='ocrx_word' id='word_1_306' title='bbox 638 2598 707 2630; x_wconf 75' lang='lat' dir='ltr'>this</span> <span class='ocrx_word' id='word_1_307' title='bbox 724 2599 828 2640; x_wconf 86' lang='lat' dir='ltr'>word,</span> <span class='ocrx_word' id='word_1_308' title='bbox 848 2600 916 2631; x_wconf 86' lang='lat' dir='ltr'>and</span> <span class='ocrx_word' id='word_1_309' title='bbox 944 2600 1196 2640; x_wconf 79' lang='lat' dir='ltr'>Hallumslane,</span> <span class='ocrx_word' id='word_1_310' title='bbox 1220 2611 1277 2632; x_wconf 82' lang='lat' dir='ltr'>are</span> <span class='ocrx_word' id='word_1_311' title='bbox 1294 2600 1434 2632; x_wconf 77' lang='lat' dir='ltr'>written</span> <span class='ocrx_word' id='word_1_312' title='bbox 1449 2599 1534 2631; x_wconf 79' lang='lat' dir='ltr'>with</span> <span class='ocrx_word' id='word_1_313' title='bbox 1551 2597 1796 2637; x_wconf 76' lang='lat' dir='ltr'>contractions,</span> 
     </span>
     <span class='ocr_line' id='line_1_35' title="bbox 192 2652 1793 2695; baseline -0.002 -10"><span class='ocrx_word' id='word_1_314' title='bbox 192 2654 296 2686; x_wconf 85' lang='lat' dir='ltr'>thus:</span> <span class='ocrx_word' id='word_1_315' title='bbox 324 2653 540 2694; x_wconf 68' lang='lat' dir='ltr'>IIallUslano,</span> <span class='ocrx_word' id='word_1_316' title='bbox 567 2652 783 2692; x_wconf 73' lang='lat' dir='ltr'>Halluslane,</span> <span class='ocrx_word' id='word_1_317' title='bbox 808 2653 1057 2693; x_wconf 68' lang='lat' dir='ltr'>Hallfiswalle3</span> <span class='ocrx_word' id='word_1_318' title='bbox 1088 2654 1155 2685; x_wconf 85' lang='lat' dir='ltr'>and</span> <span class='ocrx_word' id='word_1_319' title='bbox 1178 2653 1205 2685; x_wconf 88' lang='lat' dir='ltr'>it</span> <span class='ocrx_word' id='word_1_320' title='bbox 1229 2653 1256 2686; x_wconf 76' lang='lat' dir='ltr'>is</span> <span class='ocrx_word' id='word_1_321' title='bbox 1281 2658 1341 2685; x_wconf 85' lang='lat' dir='ltr'>not</span> <span class='ocrx_word' id='word_1_322' title='bbox 1366 2664 1444 2695; x_wconf 82' lang='lat' dir='ltr'>easy</span> <span class='ocrx_word' id='word_1_323' title='bbox 1466 2657 1501 2685; x_wconf 84' lang='lat' dir='ltr'>to</span> <span class='ocrx_word' id='word_1_324' title='bbox 1518 2664 1576 2694; x_wconf 80' lang='lat' dir='ltr'>say</span> <span class='ocrx_word' id='word_1_325' title='bbox 1593 2663 1674 2693; x_wconf 83' lang='lat' dir='ltr'>very</span> <span class='ocrx_word' id='word_1_326' title='bbox 1696 2661 1793 2683; x_wconf 79' lang='lat' dir='ltr'>aecu-</span> 
     </span>
     <span class='ocr_line' id='line_1_36' title="bbox 192 2705 1767 2749; baseline -0.003 -9"><span class='ocrx_word' id='word_1_327' title='bbox 192 2708 302 2749; x_wconf 80' lang='lat' dir='ltr'>rately</span> <span class='ocrx_word' id='word_1_328' title='bbox 320 2707 412 2740; x_wconf 82' lang='lat' dir='ltr'>what</span> <span class='ocrx_word' id='word_1_329' title='bbox 428 2707 487 2739; x_wconf 79' lang='lat' dir='ltr'>the</span> <span class='ocrx_word' id='word_1_330' title='bbox 503 2707 596 2740; x_wconf 85' lang='lat' dir='ltr'>word</span> <span class='ocrx_word' id='word_1_331' title='bbox 612 2706 650 2738; x_wconf 70' lang='lat' dir='ltr'>is.</span> <span class='ocrx_word' id='word_1_332' title='bbox 688 2706 723 2738; x_wconf 78' lang='lat' dir='ltr'>It</span> <span class='ocrx_word' id='word_1_333' title='bbox 740 2706 767 2738; x_wconf 86' lang='lat' dir='ltr'>is</span> <span class='ocrx_word' id='word_1_334' title='bbox 784 2706 1003 2747; x_wconf 76' lang='lat' dir='ltr'>conjectured</span> <span class='ocrx_word' id='word_1_335' title='bbox 1019 2707 1097 2739; x_wconf 83' lang='lat' dir='ltr'>that</span> <span class='ocrx_word' id='word_1_336' title='bbox 1113 2707 1141 2739; x_wconf 77' lang='lat' dir='ltr'>it</span> <span class='ocrx_word' id='word_1_337' title='bbox 1158 2707 1184 2739; x_wconf 79' lang='lat' dir='ltr'>is</span> <span class='ocrx_word' id='word_1_338' title='bbox 1203 2718 1221 2740; x_wconf 83' lang='lat' dir='ltr'>a</span> <span class='ocrx_word' id='word_1_339' title='bbox 1239 2707 1437 2749; x_wconf 80' lang='lat' dir='ltr'>corruption</span> <span class='ocrx_word' id='word_1_340' title='bbox 1453 2707 1506 2740; x_wconf 86' lang='lat' dir='ltr'>for</span> <span class='ocrx_word' id='word_1_341' title='bbox 1524 2706 1664 2739; x_wconf 80' lang='lat' dir='ltr'>Helcn&#39;s</span> <span class='ocrx_word' id='word_1_342' title='bbox 1681 2705 1767 2737; x_wconf 85' lang='lat' dir='ltr'>well.</span> 
     </span>
    </p>
   </div>
  </div>
 </body>
</html>
