1991 2916
231 202 284 239 14
530 213 583 239 DE
608 213 766 240 Tamus
790 213 842 239 ET
865 213 1148 239 TENEMENTIS
1175 213 1219 239 ix
1241 213 1532 239 wnanorox.

226 334 378 375 domus
405 339 447 375 et
474 335 695 375 ecclesiam
716 334 897 375 fratrum
918 334 1306 387 Augustincnsium
1326 334 1436 375 villae
1466 333 1681 387 praedictae
1713 335 1826 388 quod

226 403 397 456 quidem
418 403 706 457 messuagium
728 417 896 444 orreum
918 408 960 443 et
988 403 1164 456 gardilia
1180 403 1326 456 jacent
1348 408 1390 443 ct
1410 403 1607 443 locantur
1627 403 1673 442 111
1693 404 1826 456 regali

222 472 314 512 vico
341 472 392 512 (16
420 472 567 526 Sonky
591 477 689 526 yatc
721 472 924 526 praedicto
952 472 1148 512 videlicet
1174 486 1223 511 ex
1249 476 1368 524 parte
1403 471 1579 511 australi
1606 471 1711 511 dicti
1743 473 1825 513 vici

223 540 335 580 inter
374 554 532 580 novum
573 540 862 594 messuagium
901 539 1124 580 Williehni
1164 539 1345 580 Botiller
1386 539 1600 592 quondam
1644 540 1826 580 Henrici

224 609 506 649 Lacheforthe
537 623 587 648 ex
618 615 737 662 parte
768 609 964 649 orientali
991 613 1033 648 et
1059 622 1229 648 orreum
1254 622 1412 648 novum
1438 608 1542 648 dicti
1563 608 1680 648 Petri
1703 608 1825 662 Legh

225 691 322 717 cum
350 678 474 718 terris
504 678 619 718 dicto
644 692 764 718 orreo
798 677 973 717 annexis
1002 691 1095 730 quae
1123 682 1223 716 sunt
1248 677 1294 717 in
1319 682 1473 717 tenura
1498 677 1625 718 modo
1652 678 1825 719 Ricardi

225 746 457 786 Hardcwar
488 760 538 786 cx
568 751 687 799 parte
719 745 915 785 orientali
946 750 988 785 et
1019 745 1256 785 extendunt
1287 745 1333 785 in
1361 746 1631 798 longitudine
1659 761 1682 786 a
1707 747 1825 800 regia

223 820 356 854 strata
378 815 429 854 (16
453 814 623 868 Sonkey
640 819 737 868 yate
757 813 960 867 praedicta
981 827 1031 853 ex
1052 818 1171 866 parte
1187 813 1347 853 boreali
1362 827 1497 866 usque
1520 814 1572 853 ad
1595 814 1823 867 gardinum

223 897 320 923 611111
351 883 572 923 arboribus
600 882 759 922 ibidem
788 881 1076 922 crescentibus
1104 881 1324 934 pertinens
1354 881 1478 921 dictis
1506 881 1710 923 fratribus
1733 884 1822 923 Au-

222 951 542 1005 gustinensibus
564 951 673 991 w'llae
693 950 907 1004 praedictae
929 965 979 990 ex
999 955 1120 1003 parte
1142 949 1333 990 australi.

280 1022 393 1061 Item
424 1025 543 1061 tenet
579 1020 766 1073 quinque
795 1033 912 1060 acras
944 1023 1069 1060 terrae
1094 1019 1263 1059 arabilis
1292 1033 1389 1059 cum
1418 1018 1589 1072 sepibus
1623 1023 1665 1059 et
1698 1018 1822 1059 fossis

220 1090 404 1130 inclusas
416 1089 608 1143 jacentes
624 1088 671 1128 in
686 1088 778 1128 loco
795 1092 942 1128 vocato
962 1087 1181 1128 Stanefeld
1196 1087 1399 1141 praedicta
1413 1087 1527 1128 inter
1543 1093 1702 1127 terram
1719 1088 1823 1128 dicti

220 1159 337 1199 Petri
359 1158 480 1211 Legh
500 1158 545 1197 in
566 1162 720 1197 tenura
741 1156 963 1197 wilhelmi
995 1156 1192 1196 Fletcher
1220 1170 1270 1195 ex
1298 1161 1417 1209 parte
1443 1156 1640 1197 orientali
1667 1162 1709 1197 et
1736 1162 1821 1198 ter-

220 1243 311 1267 ram
340 1227 443 1268 dicti
474 1227 592 1267 Petri
613 1226 735 1279 Legh
764 1226 810 1265 111
836 1230 990 1265 tenura
1023 1224 1200 1265 Henrici
1232 1224 1445 1278 Bullynge
1477 1238 1528 1265 ex
1558 1230 1679 1278 parte
1710 1226 1821 1265 occi-

222 1296 383 1337 dentali
413 1301 456 1336 et
487 1294 723 1336 extendunt
758 1294 804 1334 111
834 1293 1103 1347 longitudine
1135 1307 1158 1333 a
1188 1292 1391 1346 praedicta
1423 1298 1557 1333 strata
1587 1293 1639 1333 de
1674 1294 1822 1349 Sonky

221 1370 317 1418 gate
349 1379 399 1405 ex
428 1370 548 1418 parte
580 1363 755 1404 australi
784 1377 919 1416 usque
946 1362 999 1403 ad
1026 1362 1225 1403 brueram
1253 1361 1304 1402 de
1325 1361 1598 1416 VVeryngton
1623 1376 1674 1403 ex
1701 1368 1822 1416 parte

221 1433 394 1474 boreali.

276 1503 390 1542 Item
417 1506 537 1542 tenet
565 1500 665 1541 alias
695 1500 799 1541 duas
826 1514 943 1540 acras
968 1504 1093 1540 terrae
1119 1499 1288 1540 arabilis
1315 1512 1413 1539 cum
1436 1499 1606 1552 sepibus
1629 1504 1672 1540 et
1692 1499 1820 1540 fossis

217 1572 403 1612 inclusas
434 1571 627 1624 jacentes
663 1570 708 1610 in
744 1568 963 1609 Stanefelcl
997 1568 1188 1621 predicta
1218 1568 1332 1607 inter
1366 1572 1524 1608 terram
1562 1568 1666 1608 dicti
1701 1569 1820 1609 Petri

219 1642 340 1694 Legh
366 1641 413 1680 in
439 1645 592 1680 tenura
620 1639 723 1679 dicti
751 1639 777 1678 J
780 1638 960 1678 ohannis
984 1637 1218 1678 Hardewar
1239 1651 1289 1677 ex
1309 1642 1429 1690 parte
1451 1637 1649 1677 orientali
1669 1642 1712 1677 et
1733 1642 1820 1678 ter-

218 1725 310 1750 ram
327 1709 430 1749 dicti
445 1707 667 1748 willielmi
689 1707 880 1760 Botyller
900 1706 946 1746 in
961 1711 1115 1746 tenura
1127 1705 1350 1746 Wfllielmi
1371 1705 1536 1746 Barbor
1559 1705 1633 1746 sed
1653 1706 1820 1747 ratione

219 1778 323 1818 dicti
350 1777 467 1817 Petri
495 1776 617 1829 Legh
643 1780 692 1815 ut
720 1775 810 1828 ipse
832 1774 934 1815 dicit
956 1788 1007 1814 ex
1026 1778 1146 1827 parte
1167 1773 1420 1814 occidentali
1441 1779 1484 1814 et
1506 1774 1744 1815 extendunt
1772 1775 1820 1815 in

217 1846 487 1899 longitudine
509 1859 532 1885 a
552 1844 754 1898 praedicta
770 1848 903 1883 strata
920 1843 971 1884 de
990 1843 1137 1897 Sonky
1159 1847 1257 1896 gate
1275 1857 1325 1882 ex
1345 1847 1465 1896 parte
1485 1843 1662 1883 australi
1683 1857 1819 1897 usque

221 1915 274 1955 ad
296 1915 454 1955 dictam
474 1914 673 1954 brueram
695 1913 746 1952 de
767 1913 1039 1966 VVeryngton
1061 1925 1112 1951 ex
1131 1916 1252 1964 parte
1272 1911 1445 1951 boreali.

276 1985 390 2024 Item
419 1988 538 2024 tenet
570 1982 756 2035 quinque
787 1993 904 2020 acras
934 1984 1059 2019 terrae
1090 1978 1259 2018 arabilis
1285 1979 1478 2032 jacentes
1508 1979 1555 2019 in
1586 1993 1735 2032 campo
1767 1979 1819 2020 de

218 2053 402 2107 Arpeley
422 2051 625 2105 praedicto
651 2050 765 2090 inter
791 2048 894 2088 litus
916 2062 1035 2101 aquae
1056 2047 1107 2087 de
1130 2047 1275 2087 Mcrse
1297 2061 1347 2087 ex
1367 2052 1487 2101 parte
1508 2047 1595 2088 fere
1618 2047 1816 2088 occiden-

216 2120 293 2160 tali
320 2125 362 2161 et
389 2125 547 2161 terram
576 2118 679 2159 dicti
705 2118 822 2158 Petri
848 2117 969 2170 Legh
989 2117 1035 2157 in
1055 2116 1219 2157 tenuris
1241 2116 1465 2157 willielmi
1486 2116 1753 2170 Mulyngton
1774 2121 1819 2156 et

216 2188 438 2228 Wfflielmi
464 2187 659 2228 Fletcher
681 2200 731 2226 ex
750 2190 870 2239 parte
892 2185 1088 2225 orientali
1109 2189 1151 2224 et
1173 2184 1410 2224 extendunt
1434 2184 1481 2224 in
1500 2184 1772 2237 longitudine
1794 2198 1819 2224 a

218 2260 331 2296 terra
359 2255 462 2296 dicti
487 2254 603 2295 Petri
632 2254 753 2306 Legh
780 2253 826 2292 in
846 2258 1000 2293 tenura
1022 2253 1043 2292 ‚J
1051 2252 1232 2293 ohannis
1255 2252 1493 2306 Dychefeld
1515 2266 1566 2292 ex
1585 2257 1706 2305 parte
1727 2251 1818 2292 fere

216 2324 377 2365 boreali
404 2329 446 2364 ct
476 2323 632 2377 partim
659 2321 855 2362 orientali
882 2335 1016 2374 usque
1046 2321 1099 2360 ad
1125 2326 1284 2360 terram
1313 2321 1416 2361 dicti
1445 2321 1561 2362 Petri
1589 2321 1635 2360 in
1663 2325 1819 2361 tenura

220 2393 393 2434 Ricardi
426 2392 658 2433 Hardewar
693 2406 743 2431 cx
778 2395 898 2444 parte
939 2389 1027 2431 fere
1064 2389 1239 2430 australi
1275 2394 1317 2430 et
1357 2390 1514 2444 partim
1550 2389 1816 2440 occidentali,
