1991 2916
199 237 255 276 68
464 250 519 276 DE
545 249 819 277 REDDITIBUS
842 250 1139 279 CAPITALIBUS
1164 253 1212 279 IN
1237 252 1528 281 WERYNGTON.

258 359 372 400 Item
399 363 518 400 tenet
545 373 675 401 unam
701 374 841 402 acram
867 365 992 403 terrae
1023 362 1069 402 in
1104 362 1263 418 Hollay
1287 363 1490 417 praedicto
1510 363 1725 418 jacentem
1752 364 1798 404 in

199 427 337 470 tribus
358 429 550 483 parcellis
574 429 646 470 Sto.

258 634 460 688 Sequitur
480 635 672 689 capitalis
693 635 885 676 redditus
906 636 1016 678 villae
1037 637 1089 678 de
1110 637 1382 691 Weryngton
1401 638 1614 692 praedictae
1637 651 1684 679 ac
1705 651 1798 692 per-

199 702 344 744 tinens
365 702 605 744 haereditati
626 705 818 758 praedicti
840 705 957 746 Petri
979 706 1100 760 Legh
1120 706 1270 746 militis
1293 707 1366 746 Sec.

255 839 447 880 THOMAS
469 840 644 881 DAWNE
668 840 720 881 de
743 842 942 883 Crawton
954 846 1074 883 tenet
1094 843 1140 883 in
1161 843 1299 896 eapite
1316 843 1368 883 de
1382 842 1586 897 praedicto
1609 844 1736 884 Petro
1757 848 1800 884 et

197 921 274 962 per
294 908 512 948 servitium
532 908 715 949 militare
735 924 871 951 unum
886 910 1142 964 burgagium
1163 925 1343 952 vacuum
1360 912 1508 966 jacens
1529 912 1576 952 in
1593 912 1800 965 Newgate

197 976 307 1017 villae
333 975 384 1016 de
412 976 683 1030 Weryngton
715 977 828 1019 inter
855 978 1110 1033 burgagium
1143 994 1279 1033 nuper
1311 980 1568 1020 aedificatum
1600 981 1801 1021 Nicholai

198 1043 400 1085 Blundell
425 1043 553 1085 modo
580 1044 626 1085 in
650 1050 803 1087 tenura
832 1047 989 1101 Rogeri
1015 1047 1167 1088 Clerke
1194 1062 1244 1088 ex
1276 1053 1396 1102 parte
1422 1049 1597 1089 australi
1623 1054 1665 1089 et
1698 1064 1799 1103 qua-

197 1116 297 1153 tuor
327 1112 536 1166 burgagia
566 1113 749 1155 invicem
779 1115 968 1169 jacentia
999 1117 1262 1158 haereditatis
1302 1117 1519 1171 Ranulphi
1556 1118 1716 1158 Rixton
1755 1118 1801 1158 in

198 1180 352 1234 quibus
372 1181 537 1221 Alanus
558 1182 748 1234 Walton,
767 1183 793 1223 J
797 1184 986 1226 ohannes
1004 1185 1254 1240 Dychefeld‚
1272 1190 1314 1226 et
1337 1186 1363 1226 J
1367 1186 1557 1227 ohannes
1580 1186 1800 1227 Pulforthe

197 1248 326 1289 modo
346 1248 604 1301 inhabitant,
636 1251 749 1304 quod
768 1252 965 1294 redderet
987 1252 1101 1294 dieto
1122 1253 1250 1294 Petro
1272 1253 1323 1295 de
1345 1254 1515 1308 capitali
1535 1254 1706 1295 redditu
1726 1269 1802 1309 per

198 1331 360 1358 annum
383 1318 595 1360 sexdecim
616 1319 826 1362 denarios.

255 1455 493 1496 RICARDUS
515 1456 726 1497 Bmsan1
762 1457 831 1498 del
863 1458 1034 1499 Bruche
1066 1462 1186 1499 tenet
1217 1458 1491 1500 medietatem
1524 1459 1702 1500 manerii
1735 1459 1801 1499 sui

197 1522 267 1565 del
288 1524 458 1565 Bruche
478 1524 525 1565 in
546 1525 683 1579 capite
713 1540 789 1579 per
810 1526 1029 1567 servitium
1050 1527 1234 1568 militare
1256 1541 1354 1568 cum
1375 1527 1574 1569 omnibus
1596 1527 1800 1568 membris

196 1593 447 1646 messuagiis
468 1594 594 1634 terris
622 1594 949 1635 dominicalibus
983 1609 1031 1636 ac
1064 1596 1157 1636 aliis
1189 1596 1314 1636 terris
1337 1600 1380 1636 et
1400 1596 1658 1637 tenementis
1685 1596 1799 1637 dicto

198 1660 374 1702 dimidio
409 1661 603 1715 praedicti
634 1662 813 1702 manerii
847 1663 1139 1716 spectantibus
1171 1664 1222 1705 de
1250 1665 1363 1705 dicto
1384 1665 1512 1705 Petro
1538 1665 1659 1718 Legh
1687 1665 1800 1718 quod

197 1729 370 1782 quidem
390 1730 629 1770 manerium
651 1744 749 1771 cum
770 1731 1042 1784 pertinentiis
1072 1732 1188 1786 jacet
1216 1737 1258 1773 et
1287 1733 1470 1773 situatur
1491 1747 1541 1773 ex
1562 1738 1681 1787 parte
1703 1748 1798 1774 aus-

196 1797 295 1837 trali
320 1798 543 1851 eujusdam
567 1798 731 1839 bruerae
762 1803 920 1840 vocatae
947 1800 986 1840 le
1014 1801 1183 1842 Bruche
1212 1801 1343 1841 hethe
1371 1805 1413 1842 et
1440 1801 1499 1842 sic
1527 1802 1801 1843 extendentia

195 1878 341 1905 versus
363 1866 577 1919 quandam
597 1867 806 1907 venellam
823 1867 1050 1909 ducentem
1072 1883 1096 1909 a
1110 1869 1210 1909 villa
1231 1869 1282 1909 de
1299 1869 1569 1924 Weryngton
1589 1885 1724 1924 usque
1745 1871 1798 1911 ad

193 1932 337 1974 villam
377 1934 429 1975 de
464 1935 691 1976 Wulstone
725 1940 767 1976 et
801 1936 861 1977 sic
894 1951 918 1977 a
951 1937 1065 1978 dicta
1098 1938 1263 1978 venella
1297 1952 1432 1992 usque
1467 1937 1521 1978 ad
1557 1953 1710 1991 aquam
1746 1938 1798 1978 de

194 2001 365 2043 Mersee
387 2002 500 2056 quod
522 2003 693 2057 quidem
718 2005 1008 2059 messuagium
1035 2020 1132 2047 cum
1158 2005 1356 2047 omnibus
1384 2006 1587 2047 membris
1609 2011 1651 2047 et
1672 2007 1797 2047 terris

195 2069 521 2112 dominicalibus
548 2072 635 2113 suis
663 2086 761 2113 cum
794 2073 881 2114 suis
908 2074 1180 2128 pertinentiis
1201 2074 1348 2128 jacent
1368 2074 1414 2115 in
1434 2075 1663 2115 latitudine
1684 2075 1798 2116 inter

195 2138 408 2191 quendam
428 2140 613 2181 rivulum
632 2146 829 2183 vocatum
850 2143 890 2184 le
917 2144 1087 2184 Bruche
1113 2143 1246 2184 broke
1268 2157 1318 2184 ex
1338 2148 1458 2197 parte
1480 2143 1733 2184 occidentali
1754 2147 1797 2184 et

193 2205 323 2246 alium
343 2207 528 2248 rivulum
547 2213 745 2250 vocatum
764 2210 804 2250 le
820 2210 1050 2251 Wulstone
1071 2211 1213 2252 Broke
1235 2225 1285 2252 ex
1306 2216 1426 2265 parte
1447 2211 1657 2262 orientali,
1683 2210 1796 2265 quod

195 2274 367 2326 quidem
389 2276 613 2317 dimidium
633 2278 813 2318 manerii
838 2279 1031 2332 praedicti
1058 2293 1155 2320 cum
1182 2280 1453 2333 pertinentiis
1473 2279 1659 2320 reddunt
1681 2279 1796 2320 dicto

195 2341 322 2383 Petro
344 2342 395 2383 de
417 2344 587 2397 capitali
607 2346 778 2386 redditu
798 2360 873 2400 per
895 2362 1056 2388 annum
1079 2347 1303 2389 duodecim
1325 2348 1534 2389 denarios.

252 2409 365 2449 Item
385 2410 499 2451 idem
521 2412 729 2454 Ricardus
745 2419 865 2455 tenet
882 2415 933 2456 de
949 2416 1151 2469 praedicto
1168 2417 1295 2458 Petro
1315 2416 1361 2457 in
1384 2416 1520 2470 capite
1536 2428 1611 2469 per
1633 2414 1794 2456 dictum

240 2593 465 2637 1Aceording
480 2599 516 2628 to
533 2597 592 2628 the
617 2597 775 2638 pedigree
800 2597 838 2630 of
861 2598 920 2630 the
946 2599 1041 2641 Legh
1066 2600 1198 2641 family,
1222 2601 1293 2634 this
1320 2601 1473 2634 Richard
1491 2601 1628 2634 Bruche
1644 2599 1794 2634 married

196 2648 376 2691 Margaret
393 2650 499 2691 Legh,
514 2650 573 2682 the
590 2650 760 2692 daughter
776 2651 814 2683 of
825 2652 884 2684 the
902 2653 1065 2694 compiler
1080 2654 1118 2686 of
1130 2655 1189 2687 the
1207 2655 1285 2688 MS,
