1991 2916
201 230 282 269 120
487 241 542 267 DE
567 241 725 268 TERRls
748 240 800 266 ΕΤ
822 239 1107 266 TENEMEers
1132 238 1178 265 IN
1203 237 1511 264 OVERFORTHE.

256 351 517 391 GILBERTUS
540 351 879 391 HOGGEKYNSON
903 349 954 390 (10
976 348 1228 390 Overforthe
1249 347 1452 401 praediota
1467 351 1586 386 tenet
1608 345 1659 386 de
1682 345 1796 386 dieto

197 421 324 461 Petro
353 420 406 460 ad
437 421 703 461 voluntatem
730 434 866 460 unum
894 417 1183 471 messuagium
1203 421 1401 457 vocatum
1423 415 1796 469 Merburyshowse

195 503 293 530 eum
316 495 408 530 orto
430 494 473 530 et
494 489 629 529 erofto
651 503 747 529 011111
771 488 940 542 sepibus
963 492 1005 528 et
1027 486 1151 527 fossis
1172 485 1346 526 inclusis
1369 484 1635 525 continentia
1657 497 1797 524 aeram

195 563 333 609 terrae,
366 573 458 611 quze
481 558 651 611 quidem
674 556 962 609 messuagium
984 560 1126 595 ortum
1148 559 1190 594 et
1217 553 1401 594 croftum
1418 554 1563 607 jacent
1584 552 1630 592 in
1649 552 1796 592 latitu-

197 627 295 667 dine
320 627 433 667 inter
458 632 615 666 terram
643 626 747 665 dieti
772 625 889 665 Petri
913 625 959 664 in
979 629 1133 664 tenura
1159 622 1262 662 dieti
1289 622 1314 661 J
1319 622 1499 662 ohannis
1531 621 1722 662 Sothurn
1747 634 1797 660 ex

195 700 315 748 parte
337 695 587 736 occidentali
609 699 651 734 et
672 699 831 734 terram
853 692 956 733 dieti
987 691 1103 732 Petri
1134 691 1179 731 in
1210 695 1363 731 tenura
1385 690 1558 730 Ricardi
1582 690 1797 730 Sothurne

195 778 244 804 ex
274 768 394 817 parte
420 763 616 803 orientali
650 767 692 802 et
726 761 964 802 extendunt
998 760 1045 800 in
1077 759 1346 813 longitudine
1373 774 1397 798 a
1426 759 1539 798 dieta
1567 759 1720 799 bruera
1745 758 1797 800 de

195 831 448 872 Overforthe
470 845 520 871 ex
540 835 660 884 parte
683 829 858 869 australi
888 842 1022 881 usque
1055 827 1108 867 ad
1138 832 1296 867 terram
1318 827 1422 867 dieti
1442 826 1559 867 Petri
1579 827 1625 866 in
1645 832 1799 868 tenura

195 900 298 941 dicti
320 900 345 939 J
349 899 530 940 ohannis
555 899 770 939 Sothurne
793 912 844 938 ex
864 902 984 951 parte
1005 896 1178 936 boreali.

253 968 367 1008 Item
401 972 522 1008 tenet
554 981 685 1007 unam
718 981 859 1007 aeram
891 971 1015 1006 terrae
1056 964 1226 1005 arabilis
1254 964 1471 1018 jacentem
1508 978 1634 1018 super
1663 964 1798 1004 altum

197 1051 395 1090 campum
429 1036 480 1077 de
515 1036 767 1077 Overforthe
799 1036 1015 1090 jacentem
1048 1034 1093 1074 in
1133 1033 1361 1074 latitudine
1396 1033 1509 1073 inter
1548 1038 1636 1073 tres
1672 1033 1798 1074 rodas

196 1111 321 1146 terrae
354 1105 456 1145 dieti
481 1105 598 1145 Petri
623 1104 669 1144 in
696 1109 849 1144 tenura
876 1102 1099 1143 Wfflielmi
1126 1102 1301 1155 Cowper
1329 1116 1379 1142 ex
1412 1106 1531 1155 parte
1564 1101 1723 1141 boreali
1756 1105 1798 1141 et

196 1178 355 1214 terram
377 1173 480 1213 dicti
502 1173 618 1213 Petri
639 1173 685 1212 111
706 1177 860 1213 tenura
892 1170 1071 1211 Henriei
1104 1170 1326 1211 Holbroke
1348 1184 1398 1210 ex
1418 1175 1538 1224 parte
1561 1169 1735 1210 australi
1756 1174 1799 1210 et

203 1242 395 1282 extendit
416 1242 463 1282 in
483 1242 752 1295 longitudine
775 1256 799 1281 a
814 1247 928 1281 terra
944 1240 1044 1280 dieti
1066 1239 1185 1279 Petri
1206 1239 1401 1280 videlieet
1421 1244 1508 1280 tres
1529 1239 1654 1280 rodas
1674 1244 1800 1280 terrae

196 1311 242 1351 in
262 1316 416 1351 tenura
437 1310 540 1351 dieti
563 1310 742 1351 Henriei
764 1325 814 1350 ex
838 1314 958 1363 parte
985 1308 1236 1349 occidentali
1264 1322 1398 1362 usque
1426 1308 1479 1348 ad
1503 1313 1662 1348 terram
1696 1307 1799 1350 dicti

199 1379 319 1420 Petri
339 1379 385 1420 in
406 1385 559 1420 tenura
582 1379 684 1420 dicti
707 1379 891 1420 Gilberti
912 1378 1071 1419 Madur
1092 1392 1141 1418 ex
1158 1382 1278 1431 parte
1299 1377 1508 1418 orientali.

254 1449 368 1488 Item
394 1453 514 1489 tenet
543 1448 668 1488 aliam
695 1462 836 1488 aeram
860 1452 985 1488 terrae
1013 1451 1205 1487 vocatam
1233 1445 1272 1485 10
1306 1445 1556 1500 Brokeakyr
1584 1446 1799 1499 jacentem

196 1517 243 1557 in
273 1517 502 1557 latitudine
534 1516 647 1557 inter
682 1521 840 1556 terram
877 1515 979 1555 djeti
1015 1514 1132 1554 Petri
1167 1514 1213 1553 in
1248 1518 1402 1554 tenura
1438 1514 1541 1554 dieti
1576 1514 1800 1555 Wsslielmi

198 1585 410 1625 Chaloner
443 1599 493 1625 ex
525 1590 644 1638 parte
678 1585 837 1625 boreali
873 1589 915 1624 et
947 1589 1105 1624 terram
1139 1583 1242 1624 dieti
1276 1583 1392 1623 Petri
1424 1582 1470 1622 in
1503 1588 1655 1622 tenura
1696 1583 1799 1622 dicti

199 1652 382 1692 Gilberti
403 1653 562 1692 Madur
583 1667 633 1692 ex
654 1658 773 1706 parte
796 1652 971 1692 australi
993 1657 1035 1691 et
1057 1651 1248 1692 extendit
1273 1650 1319 1690 in
1349 1651 1618 1704 longitudine
1641 1666 1665 1690 a
1686 1651 1799 1692 dicto

196 1719 332 1760 rivulo
352 1725 501 1760 vocato
525 1721 734 1774 Hoghton
768 1721 909 1761 Broke
943 1734 993 1760 ex
1026 1726 1145 1773 parte
1174 1720 1371 1760 orientali
1403 1734 1536 1773 usque
1560 1719 1613 1759 ad
1640 1724 1799 1760 terram

199 1787 303 1828 dieti
328 1789 444 1829 Petri
468 1789 515 1828 111
539 1794 692 1829 tenura
721 1789 824 1829 dicti
858 1788 1030 1829 Rieardi
1057 1788 1273 1829 Sothurne
1302 1802 1350 1828 ex
1377 1793 1499 1841 parte
1532 1788 1797 1829 occidentali.

199 1856 306 1898 Quae
338 1857 525 1897 reddunt
559 1857 673 1898 dicto
706 1858 834 1898 Petro
858 1871 934 1911 per
959 1871 1119 1896 annum
1154 1856 1207 1896 ad
1238 1856 1503 1897 voluntatem
1537 1870 1609 1896 sex
1643 1857 1799 1897 solidos

198 1938 296 1965 cum
318 1925 488 1966 servitio
504 1926 632 1966 unius
664 1925 881 1979 implendo
910 1924 1055 1978 bigam
1086 1924 1273 1964 fimalem
1295 1938 1387 1977 quae
1408 1924 1520 1965 valet
1541 1938 1616 1978 per
1638 1939 1800 1966 annum

198 1993 303 2034 duos
343 1994 551 2045 denarios,
585 1995 690 2035 item
729 2009 817 2034 una
857 1994 924 2034 die
963 1994 1092 2034 unius
1129 1992 1313 2033 faciendi
1352 1993 1516 2034 foenum
1558 2008 1651 2047 quae
1687 1994 1799 2034 valet

198 2063 419 2104 denarium
436 2078 533 2104 eum
550 2069 732 2117 quatuor
746 2063 894 2104 diebus
913 2062 1274 2116 autumpnalibus,
1291 2076 1371 2116 que
1389 2063 1529 2104 valent
1546 2077 1621 2117 per
1638 2078 1799 2104 annum

198 2137 295 2173 octo
317 2132 526 2173 denarios.

259 2269 495 2309 RICARDUs
529 2270 774 2309 So‘rHURNE
808 2268 859 2309 de
891 2268 1144 2309 Overforthe
1165 2273 1284 2309 tenet
1316 2268 1367 2309 de
1395 2268 1507 2309 dieto
1529 2269 1657 2309 Petro
1678 2268 1800 2322 Legh

198 2350 334 2376 unum
368 2337 657 2390 messuagium
686 2351 783 2378 cum
812 2351 932 2378 orreo
958 2342 1000 2377 et
1025 2342 1119 2378 orto
1142 2337 1331 2392 jacentia
1355 2337 1400 2377 in
1424 2337 1652 2377 latitudine
1685 2336 1799 2377 inter

198 2409 356 2445 terram
378 2405 481 2445 dieti
502 2406 618 2446 Petri
639 2406 684 2446 in
700 2411 853 2446 tenura
870 2406 973 2446 dicti
995 2406 1167 2447 Rieardi
1184 2420 1233 2447 ex
1249 2411 1369 2460 parte
1390 2405 1551 2446 boreali
1573 2411 1615 2446 et
1639 2405 1798 2445 dictam

199 2473 396 2513 brueram
419 2473 469 2513 (10
491 2473 743 2514 Overforthe
765 2488 815 2514 ex
836 2478 955 2527 parte
977 2475 1153 2514 australi
1179 2479 1222 2515 et
1248 2474 1440 2515 extendit
1461 2474 1507 2514 in
1528 2473 1798 2527 longitudine

200 2555 224 2580 a
245 2540 357 2581 dieto
378 2542 618 2595 messuagio
640 2542 743 2583 dieti
774 2543 890 2582 Petri
911 2548 1059 2583 vocato
1091 2543 1452 2584 Merburishowse
1474 2557 1525 2583 ex
1546 2546 1666 2596 parte
1689 2540 1797 2582 0001-

200 2608 359 2650 dentali
380 2624 513 2664 usque
535 2611 588 2651 ad
609 2615 766 2652 terram
788 2610 891 2651 dicti
913 2611 1028 2652 Petri
1059 2611 1103 2651 in
1125 2616 1277 2652 tenura
1299 2611 1476 2652 Roberti
1500 2610 1727 2665 Kyngeley
1748 2623 1798 2649 ex

200 2683 318 2731 parte
340 2679 548 2720 orientali.
