1991 2916
216 241 272 279 4⁴8
517 251 571 277 DE
597 251 753 277 TERRIS
777 250 827 276 ET
850 249 1133 276 TENEMENTIs
1157 248 1203 273 IN
1231 245 1521 272 WERYNGTON.

217 362 420 417 praedicto
439 362 532 403 1000
552 366 701 402 vocato
718 361 864 400 Pratte
886 374 996 400 rowe
1018 357 1233 413 quondam
1247 357 1293 397 in
1308 361 1462 397 tenura
1474 353 1701 408 Margeriae
1721 354 1816 394 Sale

212 431 402 486 jacentia
432 431 479 471 in
510 430 738 471 latitudine
770 429 884 469 inter
914 427 1204 481 messuagium
1236 425 1429 480 praedieti
1458 424 1575 465 Petri
1605 437 1741 477 nuper
1771 423 1817 463 iu

216 508 371 542 tenura
392 499 549 553 Rogeri
571 499 742 539 Kenian
763 513 812 539 ex
834 503 954 552 parte
975 495 1228 538 occidentali
1250 500 1292 536 et
1314 495 1444 535 alium
1464 493 1753 546 messuagium
1775 497 1817 532 et

218 571 444 624 gardinum
486 570 589 611 dieti
629 570 745 610 Petri
780 569 826 609 111
861 574 1014 609 tenura
1049 565 1271 607 Willielmi
1312 565 1577 619 Mulyngton
1613 578 1663 604 ex
1698 567 1817 616 parte

218 639 414 680 orientali
445 644 487 679 et
519 638 756 679 extendunt
786 638 832 678 in
861 635 1132 691 longitudine
1165 650 1188 675 a
1219 634 1333 675 dieto
1364 633 1455 674 foro
1483 633 1606 673 dietae
1632 632 1741 672 villae
1768 646 1817 671 ex

217 713 337 761 parte
369 708 542 748 australi
572 721 707 761 usque
739 707 792 748 ad
821 707 1021 747 brueram
1052 705 1104 746 de
1120 705 1393 758 &Veryngton
1419 717 1470 743 ex
1496 707 1616 755 parte
1643 699 1816 749 boreali,

218 791 311 830 quae
332 777 475 817 valent
505 791 580 830 per
611 792 771 817 annum
803 776 917 817 dicto
939 776 1066 816 Petro
1096 773 1297 814 undecim
1329 771 1485 812 solidos
1518 784 1617 810 eum
1648 768 1819 808 servitio

218 845 400 886 duorum
422 846 585 886 dierum
608 845 950 900 autumpnalium
973 859 1065 899 quae
1086 843 1227 884 valent
1249 845 1431 895 quatuor
1453 838 1661 880 denarios.

278 985 299 1039 ᾧ
333 983 638 1023 Wumssmms
676 982 965 1022 MULYNGTON
999 980 1051 1021 de
1082 979 1354 1033 WVeryngton
1384 976 1587 1031 praedicta
1616 979 1736 1016 tenet
1768 974 1819 1015 (10

219 1052 333 1092 dicto
373 1052 501 1092 Petro
536 1066 672 1091 unum
708 1050 997 1104 messuagium
1035 1063 1132 1089 eum
1169 1047 1337 1088 stabulo
1377 1050 1420 1087 et
1461 1045 1639 1099 gardino
1682 1044 1820 1085 eidem

219 1120 512 1174 adjacentibus
544 1134 595 1160 ex
626 1120 786 1161 boreali
816 1124 937 1174 parte
969 1118 1073 1159 dieti
1102 1117 1183 1158 fori
1214 1117 1259 1157 in
1285 1117 1399 1157 dieto
1424 1116 1518 1156 1000
1543 1119 1691 1155 vocato
1718 1114 1819 1153 Prat

218 1203 327 1229 rowe
353 1189 541 1242 jacentia
567 1189 613 1229 in
640 1188 867 1229 latitudine
895 1188 1009 1228 inter
1037 1186 1287 1240 praedictum
1311 1185 1508 1239 pulcrum
1529 1182 1821 1236 messuagium

220 1257 323 1298 dicti
358 1257 475 1298 Petri
505 1271 641 1310 nuper
676 1257 722 1296 in
756 1262 910 1297 tenura
943 1254 1169 1307 Margeriae
1205 1253 1302 1294 Sale
1336 1267 1385 1293 ex
1415 1256 1535 1306 parte
1567 1250 1821 1291 occidentali

220 1331 262 1367 et
284 1326 415 1366 alium
434 1325 724 1379 messuagium
747 1325 850 1365 dieti
878 1323 995 1365 Petri
1023 1323 1070 1363 in
1096 1327 1249 1362 10111110
1278 1321 1304 1361 J
1308 1320 1488 1361 ohannis
1512 1319 1749 1374 Dyehefeld
1771 1333 1821 1359 ex

219 1400 339 1449 parte
362 1395 558 1436 orientali
584 1399 626 1435 et
652 1395 890 1435 extendunt
915 1394 961 1433 in
981 1391 1250 1446 longitudine
1273 1405 1296 1430 a
1318 1390 1431 1430 dieto
1453 1389 1544 1430 foro
1567 1389 1691 1429 dictae
1711 1388 1822 1429 villae

221 1478 271 1504 ex
311 1469 431 1518 parte
472 1464 648 1504 australi
688 1478 823 1517 usque
865 1462 918 1502 ad
957 1461 1156 1502 brueram
1199 1459 1250 1500 de
1295 1459 1567 1514 VVeryngton
1612 1471 1662 1498 ex
1701 1462 1822 1511 parte

220 1533 392 1575 boreali.

278 1603 390 1643 Item
413 1606 532 1642 tenet
553 1615 684 1641 unam
706 1614 847 1640 acram
868 1604 992 1639 terrae
1015 1599 1232 1651 jacentem
1256 1596 1302 1636 111
1328 1595 1514 1649 Arpeley
1535 1595 1751 1649 jacentem
1776 1594 1823 1635 in

220 1671 447 1711 latitudine
468 1670 581 1710 inter
601 1674 760 1709 terram
786 1667 1031 1721 glebaealem
1050 1665 1226 1706 rectoris
1244 1664 1295 1704 de
1312 1664 1583 1718 Weryngton
1604 1664 1650 1704 in
1670 1672 1824 1703 tenura

221 1739 445 1780 Willielmi
468 1737 688 1779 Holbroke
710 1750 761 1776 ex
785 1740 904 1788 parte
927 1733 1123 1774 orientali
1149 1737 1191 1773 et
1216 1737 1376 1772 terram
1396 1732 1621 1772 Williehni
1643 1733 1823 1772 Botiller

222 1809 268 1849 111
307 1814 461 1849 temu‘a
502 1808 527 1846 J
532 1807 712 1847 ohannae
751 1817 887 1857 nuper
926 1802 1069 1843 uxoris
1113 1800 1335 1841 Hamundi
1379 1801 1542 1855 Nayler
1582 1805 1624 1841 et
1664 1806 1823 1841 terram

223 1877 433 1918 Johannis
464 1876 749 1930 *Wynyngton
784 1873 830 1913 in
865 1877 1020 1912 tenura
1055 1870 1266 1911 Johannis
1300 1870 1417 1910 Hille
1451 1874 1494 1910 et
1526 1874 1685 1910 terram
1720 1870 1823 1910 dicti

222 1946 339 1986 Petri
367 1945 489 1999 Legh
515 1945 562 1984 in
589 1949 743 1984 tenura
771 1941 942 1982 Ricardi
970 1939 1227 1980 Hardeware
1250 1953 1300 1979 ex
1320 1943 1440 1992 parte
1462 1938 1549 1978 fere
1571 1938 1824 1979 oeeidentah‘

223 2020 266 2055 et
286 2014 443 2068 partim
465 2012 640 2053 australi
662 2017 704 2052 et
726 2010 1028 2052 extendentem
1049 2009 1097 2049 in
1117 2008 1386 2062 longitudine
1410 2022 1433 2047 a
1453 2012 1567 2047 terra
1584 2007 1686 2048 dieti
1708 2007 1825 2048 Petri

225 2084 345 2135 Legh
366 2083 411 2122 in
432 2086 586 2122 tenura
607 2081 633 2120 J
637 2079 818 2121 ohannis
842 2078 1076 2119 Hardewar
1097 2092 1146 2118 ex
1171 2082 1291 2131 parte
1316 2075 1403 2116 fere
1423 2075 1584 2116 boreali
1605 2081 1647 2116 et
1668 2076 1824 2129 partim

223 2151 476 2193 occidentali
510 2164 645 2203 usque
679 2149 731 2189 ad
767 2154 938 2202 pratum
975 2147 1078 2188 dieti
1113 2145 1336 2186 Williehni
1377 2145 1557 2186 Botiller
1590 2145 1637 2185 in
1672 2150 1825 2185 tenura

225 2220 348 2261 dietae
388 2233 523 2273 nuper
562 2219 705 2259 uxoris
748 2217 972 2259 Hamundi
1007 2216 1170 2271 Nayler
1205 2230 1256 2256 ex
1290 2219 1411 2269 parte
1446 2215 1533 2255 sere
1570 2215 1746 2255 australi
1781 2219 1824 2255 et

225 2289 382 2342 partim
403 2288 612 2329 orientali.

284 2357 397 2397 Item
424 2361 543 2397 tenet
572 2356 698 2396 aliam
727 2369 868 2395 aeram
894 2359 1019 2394 terrae
1045 2353 1092 2393 in
1113 2353 1299 2407 Arpeley
1319 2351 1524 2406 praedieta
1539 2351 1757 2405 jacentem
1778 2351 1824 2392 in

226 2426 454 2466 latitudine
478 2425 602 2479 juxta
626 2424 665 2464 le
691 2437 891 2477 magnam
914 2421 1080 2475 spinam
1100 2421 1146 2461 in
1167 2421 1352 2475 Arpeley
1373 2435 1423 2461 ex
1444 2425 1563 2474 parte
1585 2420 1761 2460 australi
1782 2425 1825 2461 et

222 2496 347 2550 juxta
380 2498 537 2534 terram
572 2492 795 2533 Willielmi
831 2491 1027 2532 Botillerl
1062 2491 1109 2531 in
1141 2495 1295 2531 tenura
1328 2489 1471 2530 uxoris
1506 2489 1663 2543 Rogeri
1697 2489 1825 2530 Clerk

229 2563 406 2605 senioris
434 2567 477 2603 et
504 2566 663 2603 terram
691 2561 794 2602 dicti
821 2560 939 2601 Petri
965 2560 1011 2600 in
1032 2564 1185 2600 tenura
1206 2559 1363 2612 Rogeri
1391 2558 1613 2599 Holbroke
1634 2573 1685 2599 ex
1704 2563 1824 2612 parte

888 2745 896 2764 ¹
912 2745 1018 2785 Ante,
1035 2755 1118 2785 page
1135 2745 1165 2776 4θ
