1991 2916
184 228 237 268 78
454 243 508 268 DE
534 243 806 270 REDDITIBUS
830 244 1125 272 CAPITALIBUS
1148 245 1196 271 IN
1222 245 1513 272 WERYNGTON.

182 355 285 392 retae
306 365 442 405 nuper
462 353 605 393 uxoris
628 353 848 408 Laurentij
886 354 1112 395 Balfrunte
1133 360 1318 406 tenetur,
1353 355 1527 406 seilicet,
1554 360 1602 395 ut
1629 370 1783 410 suppo-

182 419 301 459 nitur
322 420 373 460 de
396 420 509 461 dicto
531 422 658 462 Petro
683 437 758 476 per
783 423 946 464 dictum
972 424 1191 464 servitium
1219 424 1407 478 jacentia
1439 424 1493 464 ad
1524 425 1654 464 finem
1674 425 1783 466 villae
1816 447 1825 458 ι

179 487 231 529 de
253 489 523 543 Weryngton
547 504 693 530 versus
716 491 947 546 Wynwhik
975 493 1164 546 jacentia
1194 492 1241 533 in
1272 492 1501 533 latitudine
1527 493 1641 534 inter
1668 494 1781 534 viam

182 557 409 598 dueentem
442 573 466 599 a
498 559 769 613 VVeryngton
794 574 928 613 usque
954 561 1184 616 Wynwhik
1219 575 1270 602 ex
1302 565 1421 615 parte
1455 562 1708 603 occidentali
1740 568 1783 604 et

181 639 380 679 campum
402 626 602 667 Nieholai
624 627 825 669 Blundell
846 629 1139 671 continentem
1169 644 1240 671 sex
1269 645 1386 671 acras
1414 636 1541 672 terrae
1562 631 1609 671 in
1628 636 1783 672 tenura

180 693 380 735 Nieholai
404 696 629 750 Kyngeley
651 710 701 736 ex
721 701 842 750 parte
863 698 1060 738 orientali
1086 704 1128 739 et
1150 699 1425 740 extendentia
1444 700 1490 741 in
1510 700 1781 754 longitudine

181 776 205 802 a
234 762 388 804 bruera
420 764 471 805 de
500 765 771 819 VVeryngton
790 780 936 807 versus
969 768 1265 809 molendinum
1293 769 1565 810 ventriticum
1591 784 1642 810 ex
1662 774 1782 823 parte

179 831 339 872 boreali
370 846 505 886 usque
539 833 591 873 ad
623 838 781 873 terram
815 835 1038 876 Willielmi
1073 838 1254 878 Botiller
1287 838 1334 878 in
1368 843 1523 878 tenura
1557 838 1782 878 Willielmi

179 899 392 940 Chaloner
414 914 464 940 ex
484 904 605 953 parte
628 901 817 941 australi.
893 903 1001 945 Quae
1034 905 1178 945 omnia
1208 905 1414 959 praedicta
1447 906 1634 947 reddunt
1667 906 1782 947 dicto

178 967 305 1008 Petro
328 968 378 1008 de
400 968 569 1022 capitali
590 969 762 1009 redditu
782 984 858 1023 per
879 985 1040 1013 annum
1059 987 1130 1013 sex
1152 974 1361 1015 denarios.

234 1105 540 1146 Wumssmms
560 1107 753 1147 GERARD
772 1107 822 1148 de
837 1108 941 1149 Ince
954 1114 1073 1150 tenet
1091 1110 1142 1150 de
1160 1110 1275 1152 dicto
1291 1112 1420 1152 Petro
1433 1110 1555 1164 Legh
1571 1110 1617 1151 in
1639 1110 1779 1164 capite

176 1187 251 1226 per
272 1174 491 1215 servitium
512 1175 696 1216 militare
714 1177 900 1231 quinque
918 1192 1034 1219 acras
1051 1184 1176 1220 terrae
1193 1180 1364 1220 arabilis
1385 1178 1569 1222 invicem
1585 1180 1779 1234 jacentes

175 1241 222 1282 in
238 1256 386 1296 campo
404 1243 455 1283 de
471 1244 653 1299 Arpeley
669 1251 838 1286 vocatas
855 1247 959 1287 Ince
974 1247 1100 1288 lande
1117 1248 1162 1288 in
1178 1248 1406 1288 latitudine
1422 1248 1535 1287 inter
1550 1251 1637 1287 tres
1661 1262 1779 1288 aeras

174 1310 286 1363 prati
303 1311 406 1352 dieti
419 1312 641 1353 Willielmi
656 1314 820 1354 Gerard
834 1320 975 1355 tentas
994 1315 1044 1356 de
1058 1317 1261 1370 praedicto
1278 1318 1406 1357 Petro
1420 1330 1495 1369 per
1509 1315 1672 1356 dietum
1690 1330 1777 1357 ser-

174 1378 325 1419 vitium
349 1386 518 1420 vocatas
543 1381 647 1422 Ince
672 1382 797 1423 medo
826 1397 877 1423 ex
907 1389 1028 1437 parte
1061 1385 1258 1426 orientali
1291 1390 1332 1425 et
1363 1389 1522 1425 terram
1555 1385 1776 1426 Willielmi

175 1448 355 1488 Botiller
370 1449 414 1489 in
436 1454 590 1490 tenura
605 1450 828 1492 Willielmi
846 1453 1073 1509 Kyngeley
1090 1469 1139 1495 ex
1156 1460 1275 1508 parte
1297 1454 1551 1495 occidentali
1567 1459 1609 1495 et
1627 1459 1776 1495 exten-

174 1515 283 1556 dunt
313 1517 358 1557 in
388 1518 657 1571 longitudine
689 1535 712 1560 a
742 1521 880 1562 tribus
924 1523 1031 1563 aeris
1062 1528 1186 1564 terrae
1219 1523 1388 1564 arabilis
1421 1523 1524 1563 dieti
1555 1523 1777 1564 Wfflielmi

175 1584 339 1625 Gerard
355 1599 405 1626 ex
419 1592 538 1639 parte
553 1588 727 1628 australi
740 1603 875 1642 usque
893 1590 946 1630 ad
960 1591 1173 1644 quandam
1190 1606 1328 1632 aeram
1343 1596 1467 1632 terrae
1481 1592 1776 1633 ecclesiasticae

173 1652 218 1692 in
234 1657 387 1693 tenura
408 1654 463 1694 W
467 1655 631 1695 iflielmi
652 1656 850 1697 Fletcher
870 1662 913 1697 et
934 1658 1045 1698 viam
1072 1659 1257 1712 bigalem
1285 1660 1336 1700 de
1362 1661 1548 1715 Arpeley
1569 1666 1610 1702 et
1631 1662 1775 1715 plures

173 1720 275 1760 alias
297 1722 500 1774 parcellas
523 1723 786 1765 diversorum
807 1726 1031 1766 hominum
1054 1741 1104 1767 ex
1124 1732 1245 1780 parte
1266 1728 1437 1769 boreali.

229 1790 342 1829 Item
363 1795 482 1831 tenet
504 1791 555 1831 de
577 1791 691 1833 dieto
719 1794 847 1834 Petro
873 1809 948 1848 per
974 1795 1137 1835 dietum
1160 1796 1379 1836 Serm‘tium
1401 1802 1488 1837 tres
1511 1811 1628 1838 aeras
1649 1802 1774 1839 terrae

172 1857 340 1897 arabilis
362 1858 407 1898 in
429 1859 543 1900 dieto
565 1873 714 1914 campo
736 1861 787 1901 de
809 1863 995 1917 Arpeley
1015 1864 1208 1918 jacentes
1235 1865 1280 1905 in
1301 1865 1530 1906 latitudine
1551 1866 1664 1906 inter-
1686 1867 1773 1907 (110-

169 1930 264 1965 tum
285 1932 457 1980 pratum
483 1929 677 1981 praedieti
698 1930 921 1971 Willielmi
949 1933 1113 1972 Gerard
1146 1947 1195 1973 ex
1228 1939 1348 1987 parte
1376 1934 1572 1975 orientali
1598 1940 1640 1975 et
1668 1936 1773 1976 duas

171 2007 286 2035 aeras
306 2000 430 2036 terrae
451 1996 674 2037 Wiuielmi
696 1998 876 2039 Botiller
891 1999 937 2039 in
954 2005 1107 2040 tenura
1123 2001 1271 2041 Aliciae
1292 2016 1429 2055 nuper
1449 2003 1592 2043 uxoris
1615 2004 1774 2057 Rogeri

170 2062 298 2103 Clerk
326 2064 503 2105 senioris
529 2079 581 2105 ex
607 2071 727 2120 parte
760 2067 1013 2108 occidentali
1039 2073 1081 2108 et
1115 2069 1352 2110 extendunt
1381 2071 1428 2111 in
1454 2071 1724 2125 longitudine
1749 2087 1774 2113 a

168 2132 381 2184 praedietis
399 2133 584 2187 quinque
602 2135 708 2175 aeris
724 2140 848 2177 terrae
866 2136 969 2176 dieti
983 2137 1205 2178 Willielmi
1223 2139 1388 2179 Gerard
1405 2154 1457 2180 ex
1474 2146 1594 2194 parte
1610 2140 1771 2182 boreali

169 2213 303 2253 usque
325 2201 379 2241 ad
398 2201 555 2242 fossam
582 2217 853 2245 communem
885 2205 989 2245 dieti
1019 2206 1158 2260 campi
1179 2206 1230 2248 de
1252 2208 1438 2263 Arpeley
1459 2223 1511 2249 ex
1532 2214 1652 2263 parte
1675 2224 1770 2250 aus-

169 2268 280 2308 trali.

228 2337 341 2376 Item
363 2337 502 2378 dietus
524 2339 782 2380 VVillielmus
807 2340 971 2382 Gerard
996 2346 1116 2383 tenet
1138 2343 1189 2384 de
1212 2345 1326 2386 dieto
1348 2347 1476 2388 Petro
1497 2361 1573 2401 per
1592 2348 1768 2401 praedie-

168 2408 263 2445 tum
285 2405 503 2445 servitium
524 2421 654 2447 unam
677 2422 816 2448 acram
847 2413 972 2450 terrae
992 2410 1038 2450 in
1060 2411 1246 2468 Arpeley
1266 2416 1470 2468 praedicto
1486 2417 1703 2470 jacentem
1723 2418 1770 2458 in

168 2472 395 2513 latitudine
415 2473 528 2514 inter
550 2475 762 2528 quoddam
790 2478 973 2519 croftum
999 2479 1102 2520 dieti
1128 2482 1244 2523 Petri
1275 2484 1396 2538 Legh
1423 2486 1648 2526 continens
1679 2490 1766 2527 tres

169 2554 286 2581 acras
299 2546 422 2582 terrae
436 2542 481 2582 in
494 2547 647 2584 tenura
661 2545 686 2584 J
690 2545 870 2586 ohannis
886 2548 1118 2602 Fuilshagh
1133 2564 1182 2590 ex
1196 2557 1315 2604 parte
1329 2553 1525 2595 orientali
1540 2559 1581 2595 et
1594 2559 1766 2608 pratum

168 2609 220 2649 de
237 2609 420 2664 Arpeley
443 2624 490 2650 ox
513 2616 630 2663 parte
654 2614 902 2655 occidentali
921 2621 962 2656 et
985 2619 1175 2659 extendit
1198 2620 1242 2661 in
1260 2622 1527 2676 longitudine
1550 2638 1574 2663 a
1600 2622 1763 2663 duabus

166 2676 272 2718 acris
307 2677 409 2718 dicti
439 2678 657 2720 Willielmi
685 2684 846 2724 (ierard
878 2685 921 2725 in
948 2691 1098 2727 tenura
1138 2690 1291 2741 Rogeri
1327 2691 1453 2732 Clerk
1485 2691 1681 2743 junioris,
1716 2695 1761 2731 et
