1991 2916
191 204 245 241 58
484 219 535 244 DE
560 219 719 245 TERRIS
745 219 795 245 ΕΤ
818 219 1103 246 TENEMEN'HS
1129 219 1175 245 ΙΝ
1202 219 1493 246 WERYNGTON.

188 324 386 367 brucram
409 328 460 368 do
482 329 754 384 &Veryngton
782 344 831 371 ex
860 330 1056 371 orientali
1084 330 1216 370 latere
1243 329 1480 369 molendini
1501 329 1715 369 ventritici
1738 329 1791 369 (10

191 395 461 450 VVeryngton
488 412 538 438 cx
565 404 684 452 parte
708 399 869 439 boreali
896 404 937 439 et
964 398 1176 452 quendam
1198 412 1396 451 campum
1418 398 1443 437 J
1448 398 1630 438 ohannis
1653 398 1790 452 XVyn-

189 469 355 517 yngton
381 466 427 506 in
453 471 606 507 tenura
633 467 805 507 Ricardi
833 467 884 508 de
912 467 1197 521 WVynyngton
1223 481 1273 506 ex
1299 471 1419 520 parte
1447 467 1621 507 australi
1648 471 1690 507 et
1716 481 1791 507 cx-

186 533 326 574 tendit
346 535 392 574 in
412 535 681 589 longitudine
699 550 723 575 a
738 540 851 576 terra
872 536 1113 589 pertinente
1131 535 1318 575 ecclcsiae
1335 535 1432 576 altae
1450 535 1501 575 de
1515 536 1790 589 VVeryngton

191 607 339 643 vocata
376 604 497 644 Seint
533 605 696 659 Mary’s
732 604 859 645 londe
896 618 946 644 ex.
980 608 1101 657 parte
1134 603 1332 644 orientali
1367 618 1502 658 usque
1539 604 1592 644 ad
1631 609 1790 645 terram

192 672 365 713 Ricardi
386 673 613 714 Pasmethe
634 673 679 713 in
700 678 854 713 tenura
874 672 1098 713 willielmi
1121 672 1238 713 Hille
1260 686 1310 713 ex
1331 678 1451 726 parte
1473 673 1741 714 occidentali.

249 741 363 781 Item
389 746 509 782 tenet
534 756 665 781 unam
692 755 833 781 acram
859 746 983 781 terrae
1006 741 1223 794 jacentem
1248 740 1294 780 in
1314 741 1500 795 Arpeley
1520 741 1724 794 praedicto
1745 741 1790 781 in

189 808 417 850 latitudine
450 810 564 850 inter
594 815 753 850 terram
782 810 885 850 dicti
914 810 1031 850 Petri
1063 810 1110 850 in
1141 815 1295 850 tenura
1324 809 1540 864 Radulphi
1574 810 1791 850 Sothmne

192 890 242 916 ex
273 883 392 930 parte
425 879 599 918 australi
631 883 673 918 ct
704 884 858 919 tenura
889 879 992 918 dicti
1024 879 1141 918 Petri
1171 878 1216 918 in
1249 883 1402 918 tenura
1435 878 1539 918 dicti
1568 878 1793 919 Willielmi

192 945 456 999 'Mulyngton
481 952 524 987 et
546 947 769 987 willielmi
801 948 998 987 Fletcher
1029 962 1080 987 ex
1110 952 1230 1001 parte
1260 947 1420 988 boreali
1451 951 1493 987 et
1524 947 1716 987 extendit
1746 947 1792 986 in

192 1014 461 1067 longitudine
490 1030 513 1055 a
543 1020 658 1056 terra
686 1016 789 1056 dicti
817 1017 934 1056 Petri
961 1021 1004 1057 et
1031 1016 1078 1056 in
1105 1021 1259 1056 tenura
1288 1015 1460 1056 Ricardi
1487 1016 1721 1056 Hardewar
1741 1030 1792 1056 ex

191 1087 311 1136 parte
347 1084 601 1124 occidentali
641 1099 775 1138 usque
817 1085 871 1125 ad
915 1091 1075 1126 terram
1115 1085 1339 1125 Willielmi
1385 1084 1565 1125 Botiller
1603 1089 1652 1125 ut
1693 1099 1791 1138 sup-

191 1152 365 1204 ponitur
398 1154 445 1193 in
480 1157 633 1193 tenura
668 1167 804 1207 nuper
838 1153 983 1194 uxoris
1021 1153 1178 1207 Rogeri
1212 1153 1341 1194 Clerk
1375 1153 1554 1194 senioris
1588 1167 1639 1193 ex
1671 1158 1792 1206 parte

193 1219 403 1261 orientali.

250 1289 364 1329 Item
385 1294 504 1330 tenet
527 1290 747 1331 dimidiam
769 1304 910 1331 acram
930 1295 1055 1332 terrae
1072 1291 1288 1345 jacentem
1308 1291 1354 1332 in
1370 1304 1519 1344 campo
1537 1290 1588 1331 de
1604 1290 1790 1345 Arpeley

191 1357 395 1410 praedicto
420 1358 466 1399 in
490 1359 720 1400 latitudine
745 1359 859 1399 inter
884 1374 1037 1413 aquam
1059 1360 1111 1400 de
1133 1360 1303 1400 Mersce
1325 1374 1376 1400 ex
1396 1364 1516 1413 parte
1537 1359 1793 1400 occidentali

192 1431 235 1466 et
261 1430 419 1467 terram
440 1427 663 1468 Willielmi
686 1428 850 1469 Gerard
880 1428 931 1469 de
960 1429 1063 1470 Ince
1092 1443 1143 1469 ex
1170 1433 1290 1482 parte
1312 1428 1508 1469 orientali
1536 1433 1577 1468 et
1599 1428 1793 1469 extendit

190 1494 236 1534 in
256 1495 525 1549 longitudine
547 1511 572 1536 a
592 1500 706 1537 terra
727 1496 831 1537 dicti
858 1497 974 1537 Petri
999 1497 1044 1537 in
1066 1501 1220 1538 tenura
1241 1498 1267 1537 J
1271 1496 1452 1538 ohannis
1475 1496 1719 1549 Fulshaghe
1741 1510 1792 1536 ex

191 1568 311 1616 parte
331 1564 491 1605 boreali
511 1579 646 1618 usque
668 1565 722 1605 ad
746 1570 906 1606 terram
934 1566 1107 1606 Ricardi
1133 1566 1302 1607 Bruche
1328 1566 1374 1606 in
1395 1570 1549 1606 tenura
1568 1565 1792 1605 willielmi

194 1632 416 1674 Holbroke
444 1647 494 1673 ex
521 1637 641 1687 parte
670 1634 858 1685 australi,
888 1648 981 1688 quae
1001 1634 1205 1688 praedicta
1223 1634 1411 1675 reddunt
1433 1634 1547 1674 dicto
1568 1634 1696 1673 Petro
1717 1647 1794 1687 per

192 1715 353 1741 annum
387 1701 615 1742 tresdecim
653 1702 809 1743 solidos
846 1708 1027 1756 quatuor
1064 1702 1259 1744 denarios
1300 1717 1399 1744 cum
1439 1702 1605 1744 duobus
1641 1702 1792 1744 diebus

192 1771 541 1825 autumpnalibus
563 1786 657 1826 quae
676 1772 819 1813 valent
842 1777 1025 1826 quatuor
1046 1772 1256 1813 denarios.

252 1910 274 1964 {s
299 1909 540 1949 HEchus
571 1909 759 1949 HATTON
789 1913 908 1949 tenet
937 1908 988 1949 de
1015 1908 1130 1949 dicto
1152 1909 1279 1949 Petro
1300 1908 1423 1962 Legh
1445 1907 1660 1962 quoddam
1680 1921 1791 1949 mes-

192 1977 387 2031 suagium
404 1977 552 2031 jacens
576 1992 702 2031 super
723 1982 766 2018 et
781 1978 906 2031 juxta
925 1977 1038 2018 latus
1061 1977 1245 2018 australe
1266 1977 1431 2018 bruerae
1453 1977 1504 2018 de
1521 1977 1792 2032 Weryngton

191 2059 287 2086 cum
320 2046 498 2100 gardino
529 2046 667 2087 eidem
699 2046 920 2101 adjacente
950 2046 997 2087 in
1026 2046 1254 2087 latitudine
1285 2046 1398 2087 inter
1430 2045 1657 2100 gardinum
1687 2045 1791 2086 dicti

191 2114 308 2155 Petri
335 2115 382 2155 in
408 2120 562 2156 tenura
588 2129 725 2169 nuper
752 2114 951 2155 Edwardi
981 2115 1279 2156 Sothewurthe
1307 2128 1356 2157 ex
1385 2119 1507 2168 parte
1528 2114 1727 2155 orientali
1749 2119 1792 2155 et

193 2183 406 2237 quoddam
435 2183 619 2224 croftum
647 2183 751 2224 dicti
778 2184 895 2224 Petri
923 2188 965 2224 et
992 2184 1039 2224 in
1065 2188 1219 2224 tenura
1250 2183 1353 2224 dicti
1386 2183 1565 2224 Hem-ici
1593 2197 1643 2224 ex
1671 2187 1792 2236 parte

192 2253 444 2294 occidentali
475 2257 518 2293 et
549 2253 786 2293 extendunt
816 2253 862 2292 in
892 2252 1162 2305 longitudine
1194 2267 1218 2292 a
1249 2252 1428 2306 gardino
1459 2251 1562 2292 dicti
1598 2251 1715 2292 Petri
1744 2251 1792 2291 in

192 2326 346 2362 tenura
367 2322 393 2361 J
397 2321 577 2362 ohannis
600 2322 742 2362 Lache
765 2326 807 2362 et
834 2321 994 2362 Sibillae
1016 2321 1225 2362 Andrewe
1247 2336 1297 2362 ex
1317 2326 1438 2376 parte
1460 2320 1635 2361 australi
1655 2334 1791 2374 usque

195 2389 249 2430 ad
270 2390 517 2444 praedictam
538 2390 736 2431 brueram
760 2390 811 2430 de
832 2391 1104 2445 VVeryngton
1125 2405 1176 2432 ex
1196 2395 1316 2444 parte
1337 2390 1511 2431 boreali.

250 2459 364 2499 Item
390 2464 509 2499 tenet
534 2474 669 2500 unum
696 2459 880 2500 croftum
906 2460 1053 2513 jacens
1078 2459 1125 2499 in
1150 2460 1378 2500 latitudine
1404 2460 1517 2500 inter
1542 2457 1791 2512 praedictam

192 2526 391 2568 brueram
408 2527 460 2568 de
473 2529 744 2581 VVeryngton
766 2541 815 2567 ex
836 2531 956 2580 parte
978 2527 1231 2568 occidentali
1252 2532 1294 2569 et
1317 2528 1480 2569 dictum
1497 2527 1724 2582 gardinum
1744 2526 1791 2566 in

191 2600 345 2637 tenura
366 2596 468 2637 dicti
496 2596 673 2637 Henrici
695 2610 743 2636 ex
766 2600 886 2649 parte
908 2595 1106 2636 orientali
1128 2601 1169 2637 et
1192 2597 1384 2638 extendit
1409 2597 1456 2638 in
1476 2596 1746 2651 longitudine
1767 2609 1792 2635 a

193 2666 305 2707 dicta
334 2666 488 2707 bruera
519 2666 570 2707 do
601 2666 871 2720 VVeryngton
903 2679 951 2706 cx
983 2670 1103 2720 parte
1135 2666 1293 2708 boreali
1324 2681 1459 2721 usque
1492 2666 1543 2708 ad
1576 2664 1790 2721 quandam
