1991 2916
208 213 264 251 34
509 228 564 253 DE
583 229 741 255 TERRIS
763 228 815 254 ΕΤ
837 228 1121 255 TENEMEN'PIS
1146 228 1194 254 IN
1219 227 1510 254 WERYNGTON.

208 336 367 376 Dawne
396 336 447 377 de
470 338 668 379 Crawton
695 339 741 378 in
768 343 921 378 tenura
947 338 1121 378 Thomae
1150 337 1376 378 Balfrunte
1404 351 1455 378 ex
1482 341 1602 391 parte
1631 337 1806 377 australi

207 408 250 444 et
272 405 508 446 extendunt
533 407 578 447 in
602 407 872 461 longitudine
894 422 918 447 a
937 407 1054 460 regia
1076 411 1210 446 strata
1231 407 1282 447 de
1304 407 1511 460 Newgate
1534 405 1735 459 praedieta
1756 419 1806 445 ex

206 478 326 525 parte
371 475 624 516 occidentali
668 490 802 529 usque
836 476 889 515 ad
935 476 1160 529 gardinum
1206 480 1248 515 et
1293 475 1548 529 pomoerium
1593 473 1807 527 praedietae

207 543 384 583 ustrinae
411 544 515 584 dieti
540 545 657 585 Petri
682 545 727 585 in
753 550 907 585 tenura
932 545 1035 584 dieti
1056 545 1230 584 Thomae
1254 545 1433 584 Swanne
1456 557 1507 583 ex
1526 547 1646 596 parte
1668 542 1805 582 orien-

207 612 284 651 tali
306 617 348 652 et
370 626 394 652 a
415 612 529 653 dieto
550 614 790 666 messuagio
810 614 856 653 in
876 618 1030 653 tenura
1051 613 1155 652 dieti
1176 613 1349 653 Thomae
1373 612 1553 651 Swanne
1574 625 1660 650 una
1680 624 1809 663 parva

207 681 372 721 venella
388 680 505 721 ducit
523 682 575 722 ad
598 682 756 722 dietam
773 682 984 722 ustrinam
1002 686 1044 721 et
1062 681 1223 721 dietum
1246 680 1472 734 gardinum
1490 685 1531 719 et
1552 679 1807 733 pomoerium

208 752 250 788 et
273 748 386 788 dieta
406 749 572 790 ustrina
597 751 824 803 gardinum
852 756 894 790 et
922 750 1175 803 pomoerium
1200 750 1345 803 jacent
1372 749 1418 788 in
1442 748 1670 788 latitudine
1695 747 1808 788 inter

203 822 363 857 terram
391 818 493 858 dieti
522 819 638 858 Petri
666 833 803 872 nuper
830 819 876 859 in
901 824 1055 858 tenura
1077 819 1102 858 J
1107 818 1287 858 ohannis
1310 818 1595 870 VVynyngton
1617 831 1665 857 ex
1687 821 1808 869 parte

204 885 292 926 fere
319 886 479 926 boreali
507 892 549 926 et
576 892 735 927 terram
756 887 979 927 Williehni
1008 887 1189 927 Botiller
1215 887 1261 926 in
1289 890 1444 926 tenura
1467 885 1613 925 Elenae
1635 884 1810 938 Pykton

209 968 259 994 ex
279 959 399 1007 parte
422 955 597 995 australi
626 960 668 995 et
697 955 933 996 extendunt
955 955 1002 994 in
1026 954 1296 1007 longitudine
1318 968 1342 993 a
1361 953 1453 994 vieo
1475 953 1599 994 dietae
1622 953 1734 993 villae
1757 953 1808 993 de

206 1023 264 1061 W
266 1028 477 1077 eryngton
505 1028 654 1064 vocato
685 1024 836 1064 Bonke
865 1029 997 1064 strete
1025 1038 1076 1064 ex
1102 1029 1223 1077 parte
1251 1023 1338 1063 fere
1367 1022 1564 1063 orientali
1592 1036 1727 1075 usque
1756 1021 1809 1061 ad

206 1096 364 1131 terram
386 1092 559 1132 Thomae
581 1093 757 1132 Dawnel
784 1092 835 1132 de
858 1093 1056 1133 Crawton
1076 1092 1123 1132 in
1143 1097 1297 1132 tenura
1317 1091 1490 1131 Thomae
1513 1090 1737 1131 Balfrunte
1759 1105 1809 1131 ex

206 1165 326 1213 parte
348 1160 601 1200 occidentali
623 1175 716 1214 quae
736 1160 939 1214 praedieta
960 1161 1102 1201 valent
1122 1174 1198 1214 per
1220 1174 1381 1200 annum
1403 1159 1516 1199 dieto
1538 1160 1666 1199 Petro
1688 1159 1809 1212 Legh

207 1228 408 1268 undecim
438 1229 594 1269 solidos
623 1234 665 1269 et
692 1234 872 1282 quatuor
895 1229 1090 1269 denarios
1119 1242 1217 1268 011111
1246 1227 1417 1268 servitio
1439 1227 1621 1268 duorum
1644 1227 1809 1268 dierum

209 1298 553 1351 autumpnalium
575 1312 667 1351 quae
688 1297 831 1337 valent
853 1302 1035 1350 quatuor
1056 1296 1265 1337 denarios.

269 1437 291 1491 {s
315 1436 427 1476 Item
450 1436 589 1476 dietus
612 1435 787 1475 PETRUs
810 1435 939 1475 LEGH
962 1434 1084 1474 miles
1112 1433 1242 1475 hahet
1270 1434 1316 1473 in
1341 1433 1441 1474 villa
1466 1433 1518 1473 de
1539 1433 1811 1487 Weryngton

210 1504 369 1545 scilieet
396 1505 442 1544 in
464 1505 579 1545 dieto
600 1504 691 1544 vieo
712 1508 862 1544 vocato
883 1504 1090 1557 Newgate
1112 1517 1162 1543 ex
1187 1508 1307 1556 parte
1330 1501 1583 1543 occidentali
1606 1502 1709 1542 dieti
1730 1502 1810 1542 vici

210 1572 294 1612 duo
315 1573 555 1626 messuagia
576 1573 654 1612 sub
675 1587 762 1612 uno
784 1577 898 1612 teoto
926 1572 1134 1612 aedifieata
1155 1571 1370 1625 quondam
1390 1571 1436 1611 in
1457 1576 1610 1611 tenura
1633 1571 1811 1612 Henriei

209 1641 373 1681 Barker
398 1642 586 1695 jacentia
616 1641 662 1680 :in
686 1641 914 1680 latitudine
941 1641 1054 1680 inter
1080 1655 1225 1680 muros
1259 1645 1301 1680 et
1334 1640 1598 1679 semiterium
1624 1639 1811 1680 eeclesiae

208 1708 389 1748 fratrum
410 1709 799 1762 Augustinensium
821 1709 944 1749 diotre
965 1709 1074 1749 villae
1097 1724 1146 1749 ex
1168 1714 1287 1762 parte
1310 1708 1562 1749 occidentali
1583 1713 1625 1748 et
1648 1708 1811 1748 dietum

209 1777 350 1817 vicum
373 1778 423 1817 de
446 1778 651 1830 Newgate
674 1792 722 1817 ex
748 1783 868 1831 parte
890 1777 1086 1818 orientali
1112 1783 1154 1818 et
1180 1777 1455 1817 extendentia
1475 1776 1521 1816 in
1541 1776 1810 1829 longitudine

210 1859 234 1884 a
254 1850 367 1885 terra
388 1846 610 1886 Williohni
632 1847 811 1887 Botiller
837 1847 883 1887 in
910 1852 1063 1887 tenura
1084 1847 1266 1900 Agnetis
1290 1845 1582 1898 Hawkesegh2
1611 1859 1661 1884 ex
1690 1849 1811 1897 parte

208 1913 368 1954 boreali
398 1929 532 1968 usque
564 1915 617 1955 ad
647 1920 806 1955 terram
838 1916 1055 1969 Ranulphi
1087 1915 1138 1955 de
1171 1915 1350 1955 Rixtonss
1381 1915 1427 1954 in
1456 1919 1610 1954 tenura
1634 1913 1810 1953 Thomae

212 1983 449 2037 Dyehefeld
471 1998 521 2024 ex
541 1988 661 2037 parte
684 1984 871 2024 australi.

256 2138 354 2170 lThe
380 2139 530 2171 Thomas
556 2139 654 2170 Done
680 2139 761 2170 here
787 2138 984 2170 mentioned
1010 2149 1077 2170 was
1103 2149 1123 2170 a
1148 2138 1301 2169 member
1327 2137 1366 2170 of
1387 2148 1406 2169 a
1431 2138 1623 2169 celebrated
1649 2137 1813 2170 Cheshire

212 2191 344 2233 family,
364 2193 487 2233 which,
507 2197 543 2224 at
564 2192 623 2223 the
646 2193 724 2223 date
746 2192 784 2223 of
807 2192 867 2222 the
887 2192 1112 2232 manuscript,
1135 2192 1177 2222 he
1200 2192 1420 2233 represented
1444 2191 1479 2222 in
1504 2192 1556 2223 his
1580 2202 1655 2223 own
1679 2202 1812 2232 person.

213 2246 282 2277 Mr.
300 2246 466 2278 Ormerod
491 2246 660 2288 (History
684 2246 725 2287 os
744 2245 915 2285 Clzeslzz're,
938 2245 973 2277 ii.
997 2245 1054 2286 64)
1079 2246 1139 2277 has
1162 2245 1263 2286 given
1287 2257 1306 2277 a
1329 2246 1488 2287 pedigree
1512 2246 1550 2277 of
1569 2247 1629 2278 the
1646 2246 1761 2278 Dones
1777 2245 1816 2278 of

215 2298 386 2339 Orowton,
407 2300 497 2331 from
521 2300 632 2331 which
656 2300 683 2331 it
707 2310 849 2341 appears
872 2300 950 2330 that
973 2300 1034 2330 the
1057 2300 1162 2331 above
1187 2300 1336 2332 Thomas
1359 2301 1543 2332 sueceeded
1563 2304 1599 2332 to
1615 2301 1675 2331 the
1691 2300 1813 2341 family

214 2355 322 2383 estate
339 2363 373 2383 as
390 2353 489 2384 1111010
505 2354 572 2384 and
595 2353 669 2384 heir
685 2353 722 2384 of
744 2352 896 2384 Riehard
919 2353 1029 2393 Done,
1046 2353 1122 2384 who
1144 2353 1203 2384 fell
1224 2353 1260 2385 in
1282 2355 1342 2385 the
1363 2354 1452 2396 fight
1475 2359 1510 2386 at
1533 2355 1647 2395 Blore,
1670 2365 1704 2386 so
1726 2354 1812 2386 fatal

212 2409 249 2435 to
268 2405 328 2436 the
347 2406 510 2437 Cheshire
533 2411 669 2448 genti-y,
692 2406 759 2437 and
784 2406 895 2437 where
919 2405 988 2436 also
1012 2406 1158 2437 another
1178 2406 1216 2437 of
1235 2407 1287 2438 his
1310 2407 1453 2449 lineage,
1469 2408 1526 2439 Sir
1541 2409 1635 2440 John
1653 2408 1762 2449 Done,
1778 2407 1816 2440 of

216 2458 403 2500 Utkinton‚
423 2464 494 2491 met
515 2461 567 2491 his
585 2460 699 2500 death,
719 2460 868 2501 fighting
890 2470 933 2492 on
950 2460 1010 2491 the
1028 2460 1181 2501 opposite
1201 2461 1291 2501 side;
1314 2473 1334 2494 a
1349 2462 1420 2494 fact
1438 2462 1550 2494 which
1566 2462 1593 2494 is
1616 2462 1753 2494 alluded
1775 2466 1812 2494 to

215 2513 250 2544 in
267 2514 327 2545 the
342 2513 551 2555 Polyolbz'on
569 2526 578 2543 .-
591 2533 632 2536 -

702 2568 722 2584 “
733 2568 805 2598 The
821 2567 890 2599 carl
917 2592 1279 2601 ............

430 2622 474 2653 So
492 2622 627 2663 hungry
644 2621 679 2652 in
696 2632 851 2662 revenge,
865 2621 962 2652 there
979 2622 1077 2653 made
1094 2633 1113 2653 a
1126 2623 1282 2654 rav‘nous
1298 2623 1403 2665 spoil;

430 2676 541 2707 There
560 2676 696 2707 Dutton
714 2675 849 2706 Dutton
865 2674 956 2715 kills‚
972 2686 991 2707 a
1009 2675 1106 2707 Dono
1123 2676 1206 2707 doth
1221 2677 1285 2708 kill
1302 2688 1321 2709 a
1338 2678 1465 2709 Dones
