1991 2916
216 212 297 250 110
491 223 544 249 DE
571 223 844 250 REDDITIBUS
867 224 1164 251 CAPITALIBUS
1188 224 1235 250 IN
1260 224 1552 251 WERYNGTON.

214 336 309 373 orto
331 336 374 372 et
396 332 601 386 pomoerio
623 332 727 373 dicti
744 333 964 374 Willielmi
981 333 1243 374 Blakehurst
1260 347 1311 374 ex
1325 338 1446 387 parte
1467 333 1664 374 orientali
1683 345 1819 386 usque

215 401 271 442 ad
290 402 420 442 finem
442 402 524 442 orti
546 401 769 455 cujusdam
792 402 971 442 Henrici
995 403 1158 443 Garnet
1180 417 1230 443 ex
1251 408 1372 456 parte
1393 401 1659 443 occidentali.

274 471 389 510 Item
420 475 540 511 tenet
573 470 625 510 de
659 470 773 510 dicto
807 471 934 511 Petro
968 471 1090 524 Legh
1122 485 1198 524 per
1231 471 1394 511 dictum
1428 471 1648 511 servitium
1683 484 1820 510 unum

217 553 399 579 vacuum
419 539 672 593 burgagium
690 540 838 594 jacens
859 539 906 580 in
927 541 1110 593 quadam
1130 541 1294 581 venella
1324 546 1367 581 et
1393 541 1518 595 juxta
1537 545 1687 581 vocata
1713 539 1819 580 Hal-

217 607 428 648 lumslane
453 608 499 647 in
523 608 751 648 latitudine
776 608 888 648 inter
915 608 1073 649 dictam
1093 609 1302 650 venellam
1335 623 1385 650 ex
1416 614 1537 663 parte
1570 609 1746 650 australi
1778 613 1821 649 et

217 680 377 716 terram
391 676 613 716 Wfflielmi
627 676 807 717 Botiller
822 677 869 717 in
884 682 1038 718 tenura
1051 678 1273 718 willielmi
1289 678 1446 719 Holme
1462 692 1513 719 ex
1528 683 1648 731 parte
1661 677 1821 718 boreali

219 749 262 784 et
283 745 516 785 extendens
538 745 583 785 in
604 745 873 799 longitudine
896 761 919 787 a
939 761 1067 800 parvo
1088 761 1221 787 vacuo
1241 746 1449 801 burgagio
1475 746 1578 787 dicti
1598 744 1822 786 Willielmi

219 813 399 853 Botiller
418 813 465 853 in
490 818 643 854 tenura
665 814 768 854 dicti
789 815 1011 855 willielmi
1040 816 1197 856 Holme
1229 830 1279 856 ex
1308 821 1429 869 parte
1460 815 1657 856 orientali
1686 828 1821 868 usque

219 881 273 921 ad
299 881 462 921 dictum
484 881 667 922 croftum
688 883 912 923 Willielmi
941 884 1121 925 Botiller
1152 889 1194 924 et
1226 884 1418 937 praedicti
1451 883 1635 925 Gilberti
1668 884 1820 923 Sothe-

217 949 382 989 wurthe
403 949 449 989 in
469 954 624 990 tenura
643 950 836 1003 praedicti
857 952 1031 992 Thomae
1053 952 1312 1005 Cartwright
1338 966 1388 992 ex
1413 956 1533 1006 parte
1554 951 1820 1002 occidentali,

218 1031 311 1070 quae
338 1017 482 1057 omnia
506 1018 710 1071 praedicta
739 1019 927 1060 reddunt
958 1020 1072 1061 dicto
1103 1021 1231 1061 Petro
1263 1020 1315 1061 de
1346 1021 1516 1075 capitali
1545 1020 1718 1061 redditu
1746 1034 1822 1074 per

219 1100 379 1126 annum
403 1086 509 1127 duos
532 1086 702 1127 solidos.

277 1223 518 1264 HENRICUS
555 1224 762 1264 GARNE'rl
803 1225 915 1265 filius
956 1229 998 1265 et
1039 1225 1174 1266 haeres
1217 1225 1439 1266 willielmi
1480 1226 1644 1267 Garnet
1683 1240 1820 1280 nuper

219 1291 270 1332 de
291 1292 562 1346 &Veryngton
582 1292 815 1346 legisperiti
844 1298 965 1334 tenet
997 1293 1048 1334 de
1080 1293 1194 1334 dicto
1226 1294 1354 1335 Petro
1377 1295 1499 1348 Legh
1519 1295 1565 1335 in
1587 1295 1724 1348 capite
1744 1309 1820 1349 per

219 1360 438 1400 servitium
459 1361 643 1401 militare
664 1376 795 1402 unam
816 1363 1007 1416 pulcram
1040 1363 1179 1402 aulam
1211 1377 1309 1403 cum
1340 1363 1503 1404 duabus
1525 1364 1621 1404 altis
1644 1365 1821 1405 cameris

218 1429 399 1483 coquina
415 1430 582 1470 stabulo
597 1430 790 1471 boseario
804 1445 924 1472 orreo
941 1446 1037 1472 cum
1051 1432 1257 1485 pomoerio
1273 1437 1315 1472 et
1333 1432 1499 1473 duobus
1516 1433 1705 1486 gardinis
1724 1447 1821 1474 cum

217 1511 304 1538 uno
326 1497 460 1538 crofto
482 1498 730 1539 continente
751 1499 838 1539 fere
861 1514 1001 1540 acram
1022 1506 1146 1540 terrae
1167 1500 1304 1541 friscae
1325 1506 1519 1542 vocatam
1540 1501 1681 1541 aulam
1697 1502 1822 1556 juxta

217 1566 257 1606 le
279 1567 618 1607 Hallumswalle2
640 1567 686 1607 in
706 1567 798 1608 vico
821 1568 944 1609 dictae
964 1569 1073 1609 villae
1101 1569 1152 1609 de
1174 1569 1446 1623 VVeryngton
1468 1570 1651 1611 ducente
1678 1585 1703 1611 a
1727 1571 1821 1612 loco

218 1639 366 1674 vocato
384 1635 432 1674 M
437 1634 588 1674 arketh
601 1640 698 1689 yate
712 1649 846 1688 usque
863 1636 917 1676 ad
933 1636 1152 1676 ecclesiam
1171 1637 1301 1676 altam
1315 1637 1440 1678 dietae
1453 1637 1574 1688 villae,
1591 1643 1633 1678 et
1648 1638 1821 1691 quidam

217 1703 313 1743 fons
350 1717 468 1756 aquae
502 1703 691 1742 salientis
724 1708 789 1743 est
821 1709 920 1745 ante
944 1705 1135 1744 hostium
1162 1704 1331 1746 boreale
1365 1705 1488 1746 dictae
1511 1706 1617 1746 aulae
1646 1712 1820 1747 vocatus

220 1771 529 1820 Hassumswass,
553 1785 645 1824 quae
667 1771 838 1824 quidem
861 1772 956 1812 aula
977 1786 1075 1812 cum
1096 1773 1295 1813 omnibus
1317 1773 1588 1826 pertinentiis
1606 1775 1754 1828 jacent
1776 1780 1818 1816 et

218 1840 433 1879 situantur
448 1839 494 1879 in
514 1839 743 1879 latitudine
759 1839 872 1879 inter
890 1839 1047 1880 dictam
1063 1841 1174 1881 viam
1193 1841 1252 1881 sic
1270 1841 1497 1883 ducentem
1513 1848 1562 1883 ut
1579 1844 1819 1896 praescribi-

217 1914 288 1949 tur
309 1923 359 1949 ex
375 1913 495 1961 parte
511 1907 672 1948 boreali
688 1912 731 1948 et
747 1908 1037 1960 messuagium
1055 1912 1097 1948 et
1120 1915 1262 1949 ortum
1284 1909 1388 1951 dicti
1409 1911 1526 1951 Petri
1547 1912 1668 1965 Legh
1684 1926 1821 1966 nuper

216 1977 260 2018 in
293 1982 446 2017 tenura
479 1977 505 2016 J
509 1976 689 2016 ohannis
725 1976 863 2016 Wode
897 1981 939 2016 et
975 1991 1090 2017 nunc
1125 1978 1172 2018 in
1207 1983 1361 2019 tenura
1394 1980 1420 2019 J
1424 1981 1604 2021 ohannis
1640 1982 1819 2036 Smythe

212 2045 400 2098 jacentia
419 2045 465 2084 in
485 2045 524 2085 le
542 2044 827 2085 Bonkestrete
849 2045 972 2086 dictae
989 2046 1098 2087 villae
1115 2061 1165 2087 ex
1181 2052 1301 2100 parte
1323 2050 1498 2089 australi
1519 2054 1562 2090 et
1583 2050 1820 2091 extendunt

217 2114 263 2153 in
295 2113 477 2167 longiori
501 2119 620 2167 parte
647 2128 671 2154 a
696 2114 878 2168 quadam
911 2128 1039 2168 parva
1071 2116 1235 2156 venella
1262 2122 1410 2158 vocata
1439 2117 1737 2158 Hallurnslane
1770 2132 1821 2159 ex

217 2188 337 2236 parte
377 2182 573 2223 orientali
612 2197 747 2236 usque
788 2183 841 2223 ad
877 2184 1091 2237 quandam
1126 2185 1339 2225 ustrinam
1380 2190 1423 2226 et
1456 2186 1641 2226 croftum
1683 2201 1821 2240 nuper

262 2341 323 2373 ¹It
340 2341 367 2373 is
383 2341 479 2373 often
495 2342 677 2384 popularly
697 2343 769 2374 said
790 2344 869 2376 that
893 2344 954 2376 the
979 2344 1121 2386 lawyers
1146 2346 1271 2387 always
1296 2346 1430 2378 inhabit
1455 2347 1515 2378 the
1539 2347 1613 2379 best
1638 2347 1758 2379 houses
1783 2347 1819 2379 in

217 2405 281 2426 our
304 2395 492 2436 provincial
507 2399 628 2427 towns.
674 2396 710 2427 It
734 2397 846 2429 would
871 2398 1039 2440 certainly
1065 2409 1154 2430 seem
1179 2400 1257 2431 that
1274 2400 1343 2432 this
1360 2400 1486 2442 lawyer
1505 2400 1543 2432 of
1559 2400 1696 2432 ancient
1714 2401 1819 2432 WVar-

216 2448 368 2489 rington,
393 2449 466 2480 who
483 2449 647 2491 probably
664 2450 784 2482 united
809 2450 845 2482 in
870 2451 1011 2483 himself
1032 2452 1093 2484 the
1117 2453 1296 2485 character
1312 2454 1351 2485 of
1371 2454 1537 2486 bari-ister
1557 2455 1624 2486 and
1646 2458 1819 2496 attorney,

217 2502 275 2534 did
298 2505 358 2534 not
374 2501 489 2543 falsify
505 2502 564 2533 the
574 2503 737 2543 proverb,
757 2503 811 2535 for
826 2504 895 2535 this
912 2504 1120 2546 description
1136 2510 1265 2548 stamps
1289 2506 1341 2538 his
1357 2507 1462 2539 house
1478 2518 1513 2539 as
1530 2518 1594 2540 one
1610 2507 1648 2540 of
1668 2508 1728 2539 the
1743 2508 1819 2540 best

216 2559 252 2588 at
268 2556 346 2588 that
362 2555 446 2588 time
462 2554 495 2587 in
514 2556 573 2587 the
589 2560 694 2588 town.

258 2609 270 2628 ‘2
286 2609 367 2640 This
385 2609 476 2641 word
493 2609 519 2640 is
537 2609 675 2642 written
691 2610 775 2642 with
792 2621 811 2643 a
827 2612 1041 2644 contraction
1062 2613 1155 2653 thus,
1176 2613 1413 2656 Halli’iswalle,
1436 2615 1503 2646 and
1519 2614 1547 2646 it
1564 2614 1592 2646 is
1608 2617 1671 2646 not
1687 2624 1765 2655 easy
1780 2617 1816 2645 to

217 2673 274 2703 say
292 2663 446 2695 whether
460 2663 488 2694 it
504 2662 531 2694 is
548 2668 662 2695 ineant
679 2664 732 2696 for
749 2664 1007 2698 Hallumswalle
1024 2677 1060 2697 or
1078 2666 1335 2700 Hallunswalle.
1393 2669 1427 2699 It
1444 2669 1470 2700 is
1488 2668 1630 2707 certain,
1649 2668 1815 2707 however,
