1991 2916
215 194 296 233 142
565 205 619 231 DE
644 205 853 232 CAPITALI
880 205 1078 232 REDDITU
1103 205 1150 232 IN
1176 205 1486 232 LACHEFon'rH.

211 313 500 368 messuagium
522 328 619 355 eum
640 328 761 356 orreo
782 319 825 355 et
846 314 1011 355 duobus
1043 314 1147 354 ortis
1179 318 1222 354 et
1253 314 1399 354 eroftis
1421 313 1558 354 eidem
1581 313 1810 368 adjacenti-

210 383 292 424 bus
313 388 511 424 vocatum
533 383 1012 424 Middlehursteshowse
1038 383 1186 437 jacens
1209 397 1335 436 super
1355 383 1457 423 litus
1480 397 1598 435 aquae
1621 382 1672 422 de
1693 383 1811 422 Mer-

212 466 281 493 see
302 451 499 492 videlieet
519 451 565 492 in
586 452 840 492 occidentali
869 452 1015 502 latere,
1049 451 1162 504 quod
1194 451 1366 504 quidem
1395 451 1687 504 messuagium
1714 465 1812 491 eum

212 535 332 562 orreo
354 525 397 561 et
418 520 553 561 crofto
569 521 716 574 jacent
747 526 790 561 et
816 521 1031 561 situantur
1062 520 1109 560 in
1139 520 1366 561 latitudine
1396 520 1499 560 dieti
1520 519 1749 573 messuagii
1770 525 1812 560 et

211 589 481 643 longitudine
518 589 730 630 dictorum
767 595 958 630 ortorum
996 594 1038 630 et
1080 589 1313 630 eroftorum
1352 589 1466 629 inter
1506 594 1648 629 ortum
1689 593 1732 629 et
1766 588 1813 628 in

212 658 388 712 antiquo
409 663 601 711 tempore
622 658 912 712 messuagium
935 658 1096 698 scilieet
1118 671 1234 698 nune
1256 657 1522 698 destructum
1543 671 1619 711 per
1640 670 1809 697 cursum

211 741 330 780 aquae
362 726 575 780 praedietae
607 726 830 766 Willielmi
865 726 1096 766 Venablesl
1142 725 1194 766 de
1236 726 1486 766 Goldburne
1523 725 1721 778 armigeri
1762 738 1813 765 ex

211 800 331 847 parte
363 794 561 835 orientali
592 800 634 834 et
665 809 841 848 parvum
872 795 1056 835 rivulum
1088 799 1330 834 currentem
1361 808 1437 847 per
1466 793 1657 833 medium
1688 792 1813 833 dictae

211 862 320 902 villae
343 862 394 902 de
417 862 701 903 Laeheforthe
723 877 773 903 ex
793 868 913 916 parte
945 863 1198 904 occidentali
1224 867 1266 903 et
1298 862 1536 902 extendunt
1556 861 1603 901 in
1622 861 1811 915 longitu-

212 930 310 970 dine
333 930 436 970 dieti
456 931 687 984 messuagii
708 936 751 971 et
771 931 1000 972 latitudine
1023 931 1235 972 dictorum
1257 936 1449 971 ortorum
1471 934 1513 970 et
1535 929 1766 970 croftorum
1790 944 1813 969 a

209 1003 324 1038 terra
360 998 445 1038 sive
479 1004 573 1039 orto
597 999 687 1053 jam
714 999 760 1039 in
795 999 870 1040 lite
898 999 1112 1053 pendente
1144 999 1258 1039 inter
1288 999 1495 1039 Thomam
1526 998 1728 1052 Radyehe
1770 1002 1813 1038 et

209 1066 398 1107 haeredes
417 1067 443 1106 J
446 1067 627 1107 ohannis
642 1068 925 1121 Adburgham
945 1068 1057 1108 infra
1072 1068 1215 1108 villain
1237 1067 1289 1108 de
1307 1067 1588 1108 Laeheforthe
1609 1066 1811 1120 praedicta

209 1134 336 1174 modo
357 1135 403 1175 in
423 1139 577 1176 tenura
599 1136 797 1190 Hugonis
821 1138 1000 1192 Smythe
1023 1152 1073 1177 ex
1093 1141 1213 1191 parte
1228 1136 1389 1177 boreali
1409 1150 1542 1189 usque
1565 1135 1617 1175 ad
1638 1149 1810 1189 parvam

208 1203 417 1243 venellam
440 1203 668 1245 dueentem
690 1219 714 1244 a
734 1204 833 1244 villa
853 1205 1056 1258 praedieta
1076 1219 1211 1258 usque
1234 1205 1286 1244 ad
1307 1205 1450 1245 xillam
1473 1204 1524 1244 de
1548 1204 1813 1257 Gropenhall

210 1285 261 1312 ex
291 1277 412 1325 parte
444 1272 631 1313 australi.
693 1273 750 1313 Et
775 1273 865 1314 haee
885 1273 1089 1326 praedieta
1108 1278 1312 1313 tenentur
1333 1273 1384 1313 de
1406 1273 1520 1313 dieto
1542 1273 1669 1312 Petro
1689 1277 1738 1312 ut
1760 1272 1812 1312 de

212 1341 425 1382 dominico
448 1356 524 1382 suo
546 1341 598 1382 de
621 1342 897 1396 Gropenhall.
961 1342 1067 1385 Quae
1083 1341 1269 1382 reddunt
1287 1342 1338 1382 de
1355 1341 1525 1395 capitali
1545 1340 1717 1381 redditu
1737 1355 1813 1394 per

212 1424 374 1450 annum
398 1442 680 1451 .........

255 1553 263 1573 ¹
281 1553 363 1584 This
381 1553 541 1584 william
558 1553 732 1585 Venables
750 1564 816 1585 was
836 1555 1002 1596 probably
1017 1555 1076 1586 the
1094 1565 1265 1586 successor
1280 1554 1319 1585 of
1341 1554 1400 1585 the
1423 1553 1570 1584 Thomas
1591 1552 1622 1583 le
1638 1551 1811 1583 Venables

211 1607 409 1638 mentioned
426 1606 461 1637 in
478 1607 539 1637 the
554 1606 729 1647 following
745 1607 883 1638 eharter
899 1607 1129 1648 (transcribed
1145 1608 1235 1639 from
1252 1619 1271 1639 a
1291 1607 1470 1639 collection
1490 1607 1526 1637 in
1545 1607 1604 1637 the
1624 1606 1811 1646 possession

211 1660 250 1691 of
275 1661 334 1691 the
367 1660 555 1699 Shakerley
587 1659 737 1701 family).
783 1660 857 1701 Ego
887 1660 1060 1692 Henrieus
1089 1661 1216 1693 Tot-ald
1247 1661 1441 1702 capellanus
1467 1659 1581 1691 remisi
1613 1659 1753 1691 Thomoe
1780 1660 1811 1691 le

211 1713 385 1745 Venables
412 1712 482 1744 filio
509 1712 666 1753 Hugonis
695 1713 735 1743 de
763 1712 936 1745 Venables
963 1714 1004 1745 de
1033 1714 1229 1745 Kinderton
1260 1714 1451 1745 haeredibus
1477 1718 1510 1744 et
1536 1713 1716 1753 assignatis
1742 1713 1811 1745 suis

209 1766 393 1808 totumjus
411 1768 472 1797 cxc.
488 1765 524 1797 in
548 1766 705 1798 omnibus
729 1767 829 1798 terris
853 1768 1059 1799 tenementis
1083 1768 1274 1799 redditibus
1297 1771 1331 1798 et
1355 1767 1619 1809 possessionibus
1643 1767 1747 1798 habui
1768 1778 1809 1798 ex

211 1822 297 1852 dono
315 1825 348 1852 et
365 1820 583 1852 feoffamento
602 1820 742 1852 Thomae
760 1820 892 1852 Barker
908 1831 1058 1862 personae
1075 1821 1221 1852 ecelesiae
1238 1822 1279 1852 de
1453 1821 1488 1852 in
1506 1818 1645 1853 civitate
1662 1821 1807 1853 Cestriae

210 1878 245 1905 et
273 1874 339 1911 [sic
365 1874 405 1905 in
430 1873 483 1906 tlte
507 1877 613 1915 copy]
642 1874 831 1905 Latchford
847 1875 951 1915 juxta
968 1874 1192 1916 XVarington.
1238 1875 1398 1907 Habend.
1422 1876 1585 1916 praedicto
1611 1876 1751 1908 Thomae
1775 1880 1810 1907 et

210 1928 400 1959 lueredibus
426 1928 493 1959 suis
519 1928 554 1958 in
583 1932 799 1968 perpetuum,
825 1928 970 1959 testibus
996 1927 1156 1959 ‚Iohanne
1181 1928 1318 1968 Walsh,
1333 1929 1460 1960 maiore
1484 1929 1634 1960 civitatis
1660 1929 1811 1970 Cestriae,

210 1981 369 2012 Johanne
395 1982 435 2013 de
461 1981 690 2023 Cotyngham,
714 1986 748 2013 et
775 1982 927 2013 Roberto
953 1982 994 2013 de
1021 1982 1113 2013 Eton
1136 1987 1219 2014 tunc
1245 1982 1443 2014 vicecomite
1469 1982 1619 2014 civitatis
1647 1984 1810 2024 ejusdem,

212 2036 346 2076 Rogero
362 2035 402 2067 de
419 2036 540 2076 Coton,
556 2036 686 2067 Thoma
703 2036 743 2066 de
763 2035 899 2077 XValey.
946 2036 1028 2067 Dat.
1043 2037 1133 2077 apud
1151 2036 1319 2069 Cestriam
1338 2037 1377 2067 19
1394 2037 1486 2068 IIen.
1503 2037 1571 2068 VI.
