1991 2916
196 232 252 270 614
498 245 550 270 DE
570 244 728 271 'PERRIS
753 245 803 270 ET
826 244 1111 271 TENEMENTIS
1136 244 1183 270 IN
1210 243 1501 270 WERYNGTON.

255 356 277 410 {s
310 354 545 395 R1cARnus
576 356 820 395 PASMETHE
852 369 988 409 nuper
1010 355 1061 396 de
1083 355 1355 409 VVeryngton
1382 353 1521 394 tenuit
1542 353 1588 393 in
1609 353 1695 393 vita
1721 368 1796 393 sua

195 423 247 464 de
273 423 387 464 dieto
413 424 540 464 Petro
566 424 687 477 Legh
715 424 760 464 in
787 423 886 464 villa
905 423 1108 476 przedieta
1134 422 1186 463 ad
1212 427 1375 463 eertum
1400 422 1634 462 terminum
1658 436 1795 462 unum

194 497 336 533 ortum
370 507 467 533 eum
499 507 586 533 una
617 492 784 532 ustrina
815 506 923 532 nova
956 492 1136 545 desuper
1168 491 1376 532 aedifieata
1410 491 1595 545 jacentia
1626 490 1673 530 in
1705 490 1796 531 vieo

194 567 344 602 vocato
387 562 668 616 Kyrkestrete
708 562 753 602 in
793 561 1020 602 latitudine
1060 561 1173 601 inter
1211 575 1348 600 unum
1393 559 1576 600 eroftum
1621 559 1795 599 friseum

195 631 375 671 Henriei
397 632 559 671 Garnet
581 645 631 671 ex
652 636 771 684 parte
793 630 989 671 orientali
1010 635 1052 670 et
1073 635 1231 670 terram
1255 661 1570 670 ..........
1604 643 1654 669 ex
1675 633 1796 682 parte

193 699 445 741 occidentali
467 704 509 740 et
531 700 806 740 extendentia
830 699 876 739 in
900 698 1169 752 longitudine
1191 712 1215 738 a
1234 697 1437 751 praedieto
1457 697 1550 738 vieo
1572 697 1623 738 de
1646 697 1795 751 Kyrke

193 773 323 809 strete
346 782 396 808 ex
422 773 542 821 parte
570 768 729 809 boreali
750 782 884 821 usque
911 767 965 807 ad
990 767 1120 807 alium
1148 766 1289 808 vicum
1315 766 1440 807 dietae
1464 766 1573 807 villae
1597 771 1795 806 vocatum

191 837 231 876 16
264 837 415 877 Bonke
449 842 580 878 strete
613 851 663 878 ex
695 842 815 891 parte
848 837 1037 888 australi,
1072 851 1164 890 quae
1196 836 1338 878 valent
1378 849 1453 889 per
1486 849 1647 876 annum
1680 834 1794 875 dieto

193 906 321 946 Petro
345 936 490 947 .....

251 1043 602 1098 §Wumssmms
632 1044 885 1084 KYNGELEY
908 1043 960 1084 de
980 1043 1252 1097 &Veryngton
1282 1046 1402 1082 tenet
1435 1040 1486 1081 de
1520 1039 1633 1081 dicto
1665 1040 1793 1081 Petro

191 1112 313 1165 Legh
338 1112 474 1153 milite
501 1127 632 1152 unam
659 1127 799 1153 acram
826 1117 952 1153 terrae
979 1112 1196 1166 jacentem
1228 1112 1275 1151 in
1308 1125 1457 1164 eampo
1485 1109 1536 1150 de
1565 1110 1723 1163 Hollay
1747 1109 1793 1149 in

189 1180 417 1221 latitudine
438 1181 551 1221 inter
573 1181 702 1221 altam
723 1181 835 1221 viam
857 1195 949 1234 quae
971 1180 1088 1220 ducit
1115 1194 1139 1220 a
1158 1180 1250 1220 vieo
1276 1179 1327 1219 (16
1355 1178 1637 1233 Kyrkestrete
1657 1191 1792 1231 usque

190 1249 244 1289 ad
272 1250 430 1303 Hollay
457 1264 507 1290 ex
533 1255 652 1303 parte
679 1250 876 1290 orientali
903 1255 944 1290 et
965 1255 1124 1290 terram
1148 1248 1292 1289 uxoris
1319 1247 1542 1288 Laurentii
1568 1246 1792 1287 Balfrunte

190 1332 240 1358 ex
275 1324 395 1371 parte
431 1319 683 1359 occidentali
716 1324 758 1359 et
795 1318 985 1359 extendit
1020 1319 1066 1358 111
1106 1317 1374 1371 longitudine
1408 1332 1432 1357 a
1465 1322 1580 1357 terra
1620 1316 1792 1356 Ricardi

189 1387 359 1427 Bruehe
380 1387 425 1427 in
445 1392 599 1427 tenura
620 1388 646 1427 J
650 1387 830 1428 ohannis
848 1387 1076 1427 Pasmethe
1094 1387 1236 1440 glover
1253 1401 1303 1427 ex
1318 1390 1438 1439 parte
1460 1385 1636 1426 australi
1656 1399 1791 1438 usque

190 1456 242 1495 ad
263 1455 509 1509 praedictam
531 1457 659 1497 altam
676 1457 786 1497 viam
809 1471 832 1497 a
852 1457 891 1497 le
912 1456 1003 1497 w‘eo
1025 1456 1076 1496 de
1095 1456 1378 1510 Kyrkestrete
1399 1469 1535 1508 usque
1557 1454 1610 1494 ad
1633 1454 1792 1509 Hollay

188 1525 438 1578 praedictum
462 1540 511 1566 ex
532 1531 652 1579 parte
672 1526 833 1567 boreali
855 1531 897 1566 et
918 1526 1028 1567 valet
1049 1540 1124 1579 per
1146 1540 1307 1565 annum
1331 1557 1476 1565 .....

246 1594 361 1634 Item
398 1594 537 1635 dietus
573 1595 832 1635 VVillielmus
862 1595 1089 1649 Kyngeley
1120 1599 1240 1634 tenet
1273 1594 1325 1634 de
1359 1593 1473 1633 dieto
1508 1593 1635 1633 Petro
1669 1592 1791 1645 Legh

188 1662 401 1714 quendam
423 1676 619 1716 campum
641 1677 738 1703 eum
761 1663 931 1716 sepibus
949 1668 990 1703 et
1007 1663 1131 1703 fossis
1152 1663 1367 1702 inclusum
1388 1661 1680 1702 continentem
1702 1665 1789 1701 tres

188 1744 305 1770 aeras
333 1735 457 1771 terrae
481 1732 696 1785 jacentem
729 1732 775 1772 in
799 1731 1027 1772 latitudine
1059 1731 1173 1771 inter
1206 1731 1419 1784 quendam
1446 1731 1648 1784 Pyghulll
1678 1731 1788 1770 Wil-

186 1799 320 1839 lielmi
347 1800 511 1840 Gerard
538 1800 590 1841 de
617 1801 720 1841 Ince
748 1814 798 1841 ex
827 1805 945 1854 parte
972 1800 1059 1840 fere
1084 1800 1244 1840 boreali
1270 1804 1312 1840 et
1338 1799 1493 1853 partim
1519 1799 1716 1840 orientali
1746 1803 1789 1839 et

187 1868 318 1908 altam
339 1869 451 1908 viam
472 1883 564 1922 quae
587 1868 704 1908 ducit
732 1883 755 1908 a
775 1868 929 1909 bruera
950 1868 1001 1908 de
1022 1869 1293 1923 &Veryngton
1326 1882 1460 1921 usque
1495 1867 1548 1908 ad
1578 1868 1788 1908 venellam

185 1941 379 1977 vocatam
400 1937 590 1990 Baglane
612 1951 661 1977 ex
683 1942 802 1991 parte
827 1936 914 1977 fere
942 1937 1117 1977 australi
1139 1942 1181 1977 et
1202 1936 1357 1990 partim
1379 1935 1632 1977 occidentali
1653 1941 1695 1976 et
1717 1950 1786 1977 ex-

186 2004 325 2045 tendit
346 2005 392 2045 in
415 2005 684 2058 longitudine
707 2019 729 2045 a
750 2005 817 2044 via
838 2019 931 2058 quae
957 2005 1074 2045 ducit
1100 2005 1151 2045 de
1179 2005 1218 2045 le
1251 2005 1399 2059 Kyrke
1426 2008 1557 2045 strete
1577 2018 1712 2058 usque
1734 2005 1787 2045 ad

186 2074 345 2114 dietam
365 2074 564 2115 brueram
591 2088 641 2115 ex
672 2079 792 2128 parte
822 2073 910 2114 fere
941 2074 1193 2115 occidentali
1225 2078 1266 2114 et
1296 2074 1453 2128 partim
1473 2073 1632 2114 boreali
1652 2088 1787 2127 usque

186 2143 239 2183 ad
259 2147 418 2183 terram
438 2143 662 2183 VVillielmi
678 2142 857 2183 Botiller
877 2142 923 2182 in
943 2147 1097 2183 tenura
1116 2142 1335 2183 Edmundi
1352 2141 1574 2196 Berdisley
1595 2156 1645 2182 ex
1665 2147 1786 2196 parte

184 2211 271 2252 fere
297 2211 493 2252 orientali
518 2216 561 2251 et
588 2211 744 2264 partim
769 2212 957 2262 australi,
985 2212 1057 2265 qui
1081 2212 1192 2252 valet
1219 2226 1295 2265 per
1322 2226 1482 2252 annum
1515 2211 1630 2252 dieto
1656 2211 1785 2252 Petro

185 2285 366 2333 quatuor
388 2280 542 2320 solidos
565 2279 671 2320 duos
693 2280 900 2321 denarios.

242 2416 357 2456 Item
386 2415 525 2456 dietus
551 2416 725 2456 Pmnns
751 2416 881 2457 habet
907 2431 1041 2457 unum
1068 2417 1294 2470 gardinum
1314 2419 1462 2472 jacens
1487 2417 1534 2458 in
1553 2418 1593 2458 le
1616 2417 1781 2458 Hethe-

185 2488 316 2525 strete
336 2484 446 2524 villae
467 2484 518 2524 (16
535 2484 805 2538 VVeryngton
826 2485 871 2525 111
886 2485 1114 2526 latitudine
1130 2487 1244 2527 inter
1263 2487 1554 2540 messuagium
1571 2487 1597 2526 J
1601 2486 1781 2528 ohannis

228 2592 237 2610 1
255 2591 340 2623 This
352 2595 442 2622 term
459 2601 576 2623 occurs
593 2591 628 2622 111
644 2592 703 2623 the
720 2591 886 2634 Whalley
904 2593 1060 2625 Coucher
1081 2594 1189 2635 Book,
1215 2594 1265 2636 (p.
1282 2593 1371 2636 611,)
1397 2595 1508 2626 where
1524 2604 1573 2625 we
1588 2597 1679 2625 meet
1696 2593 1781 2624 with

183 2645 244 2677 the
261 2645 348 2677 Flax
366 2644 517 2686 Pyghull
586 2645 637 2676 Its
664 2644 775 2686 origin
797 2645 825 2677 is
842 2647 1007 2688 probably
1024 2647 1204 2689 explained
1220 2648 1256 2679 in
1272 2648 1332 2679 the
1348 2647 1523 2689 following
1538 2650 1674 2679 extract
1690 2646 1780 2677 from

184 2699 342 2732 Blount's
369 2700 449 2732 Law
472 2698 757 2741 Dicti0na1·y,i.e.
773 2701 792 2717 “
806 2700 911 2741 I'icle,
930 2700 1013 2733 alias
1039 2701 1188 2743 Pightel‚
1209 2701 1412 2743 (Pictellum
1433 2705 1468 2734 et
1490 2700 1703 2742 Pightellum
1718 2700 1743 2739 3)
1761 2709 1780 2731 a
