1991 2916
234 225 314 264 118
515 237 570 263 m:
595 237 753 263 TERRIS
778 237 829 262 ET
852 237 1136 263 TENEMENTIS
1161 237 1206 263 1Ν
1232 236 1541 263 ovum-*omnia

222 347 439 400 jacentem
455 346 501 386 111
517 347 719 400 praedicto
740 347 832 388 1000
849 352 997 387 vocato
1016 346 1132 387 Rede
1150 346 1283 386 Erthe
1299 346 1515 400 jacentem
1537 347 1582 386 in
1603 346 1831 388 latitudine

228 415 342 456 inter
361 420 520 456 terram
543 416 645 457 dicti
664 417 835 457 Ricardi
854 416 1150 457 Sotheworthe
1167 429 1217 455 ex
1234 420 1353 468 parte
1370 414 1530 455 boreali
1547 419 1589 454 et
1605 414 1829 467 praedictas

229 483 334 524 duas
364 499 513 538 parvas
539 485 656 525 haias
682 485 874 539 praedicti
903 485 1020 525 Petri
1048 498 1098 524 ex
1131 488 1251 538 parte
1285 484 1461 524 australi
1494 488 1536 523 et
1568 482 1760 523 extendit
1785 482 1831 523 in

228 552 497 606 longitudine
520 567 543 593 a
563 557 677 593 terra
705 554 807 594 dicti
835 553 1007 594 Ricardi
1041 552 1335 593 Sotheworthe
1358 566 1407 592 ex
1433 557 1553 606 parte
1576 551 1832 592 occidentali

226 635 360 675 usque
383 621 436 662 ad
455 626 615 662 terram
633 622 734 662 dicti
754 623 974 663 willielmi
996 622 1175 662 Botiller
1192 636 1242 662 ex
1258 626 1377 675 parte
1395 620 1592 662 orientali
1611 620 1658 660 in
1680 634 1830 673 campo

228 699 376 731 vocato
398 690 640 745 Paynsfeld.

286 760 399 800 Item
421 765 540 800 tenet
563 761 688 800 aliam
710 774 850 801 aeram
871 766 994 801 terrae
1016 759 1185 800 arabilis
1202 759 1418 812 jacentem
1439 757 1483 797 in
1506 770 1654 810 campo
1675 761 1825 797 vocato

229 829 459 884 Parkefyld
490 844 582 882 quae
614 829 785 882 quidem
808 843 904 869 acra
924 833 1098 869 vocatur
1128 828 1167 868 le
1200 827 1412 881 Clayakyr
1429 827 1646 880 jacentem
1668 825 1714 865 in
1733 825 1829 865 lati-

230 898 380 938 tudine
412 898 525 938 inter
558 903 715 937 terram
742 897 845 937 dicti
870 897 986 937 Petri
1010 897 1056 937 in
1088 901 1242 936 tenura
1276 894 1500 935 Willielmi
1534 894 1747 934 Chaloner
1780 908 1830 933 ex

228 971 348 1020 parte
371 966 543 1006 australi
578 971 620 1006 et
651 966 777 1006 aliam
808 966 1035 1019 parcellam
1066 970 1190 1005 terrae
1222 964 1325 1004 dicti
1347 963 1462 1004 Petri
1487 963 1533 1003 in
1554 967 1707 1003 tenura
1728 962 1831 1003 dicti

229 1035 452 1076 willielmi
474 1035 687 1076 Chaloner
709 1049 758 1075 ex
783 1040 904 1088 parte
932 1034 1091 1075 boreali
1124 1039 1167 1074 et
1200 1032 1392 1073 extendit
1428 1032 1474 1072 in
1505 1031 1774 1085 longitudine
1808 1046 1832 1071 a

227 1108 341 1144 terra
373 1104 565 1158 praedicti
599 1104 715 1144 Petri
747 1104 793 1144 in
818 1108 971 1144 tenura
999 1102 1102 1142 dicti
1134 1102 1357 1142 Wsshelmi
1384 1101 1596 1142 Chaloner
1629 1114 1678 1140 ex
1711 1105 1830 1153 parte

227 1172 483 1213 occidentali
503 1186 637 1226 usque
660 1171 713 1212 ad
744 1171 958 1225 quandam
985 1185 1126 1211 acram
1148 1171 1251 1211 dicti
1273 1170 1389 1211 Petri
1410 1170 1456 1210 in
1476 1175 1630 1210 10111113
1652 1169 1831 1210 Ηο111101

228 1241 450 1281 Holbroke
472 1245 668 1281 vocatum
692 1241 912 1295 Holeakyr
933 1255 983 1281 ex
1003 1246 1123 1294 parte
1145 1239 1354 1280 orientali.

284 1310 398 1350 Item
419 1315 538 1351 tenet
570 1310 695 1350 aliam
727 1324 867 1351 3013111
897 1314 1022 1350 terrae
1048 1310 1264 1363 jacentem
1286 1309 1332 1348 in
1354 1322 1503 1361 campo
1524 1312 1672 1348 vocato
1696 1308 1827 1348 Over-

225 1378 366 1419 forthe
388 1379 502 1434 fylde
523 1384 813 1433 nuncupatam
834 1379 873 1419 le
896 1378 1148 1432 Brokeakyr
1164 1379 1379 1432 jacentem
1401 1377 1447 1416 111
1467 1376 1695 1416 latitudine
1716 1376 1830 1416 inter

225 1451 384 1487 terram
406 1447 510 1488 dicti
531 1448 647 1488 Petri
662 1448 708 1488 in
724 1453 878 1489 tenura
893 1447 1118 1488 Willielmi
1136 1448 1311 1500 Cowper
1332 1461 1382 1486 cx
1403 1451 1522 1500 parte
1543 1445 1630 1486 fere
1654 1445 1829 1485 australi

226 1521 269 1556 et
288 1520 447 1556 terram
464 1516 566 1556 dicti
583 1517 699 1557 Petri
720 1517 765 1557 in
785 1521 939 1557 tenura
961 1516 1146 1557 Gilberti
1167 1515 1326 1555 Madur
1348 1529 1399 1555 ex
1419 1519 1538 1568 parte
1560 1514 1647 1554 fere
1668 1513 1829 1554 boreali

226 1588 269 1624 et
302 1585 604 1625 extendentem
634 1585 680 1624 in
707 1585 976 1638 longitudine
1008 1599 1031 1624 a
1059 1584 1243 1638 quodam
1270 1584 1406 1623 rivulo
1436 1588 1585 1623 vocato
1619 1582 1829 1635 Hoghton

225 1651 357 1692 broke
383 1667 434 1693 ex
460 1658 579 1706 parte
601 1653 798 1693 orientali
823 1668 956 1707 usque
986 1654 1038 1694 ad
1067 1653 1280 1707 quandam
1308 1652 1536 1706 parcellam
1564 1656 1688 1692 terrae
1715 1651 1826 1691 Lau-

225 1721 354 1762 rentii
376 1722 565 1776 Longtre
586 1728 779 1762 vocatam
801 1723 943 1776 Irpuls
964 1723 1099 1763 Erthe
1120 1723 1166 1762 in
1186 1728 1340 1762 tenura
1367 1720 1589 1761 willielmi
1615 1720 1827 1760 Chaloner

226 1804 276 1830 ex
297 1796 416 1843 parte
438 1791 703 1831 occidentali.

283 1859 396 1899 Item
428 1864 547 1899 tenet
579 1873 710 1898 unam
744 1872 884 1898 3013111
916 1863 1039 1899 1011ῑο
1073 1872 1170 1898 011111
1197 1858 1366 1911 sepibus
1400 1862 1442 1897 et
1467 1857 1592 1897 fossis
1616 1857 1826 1897 inclusam

224 1932 417 1967 vocatam
437 1927 477 1968 le
499 1927 640 1968 Broke
662 1927 745 1981 hey
771 1927 987 1980 jacentem
1013 1926 1059 1966 in
1085 1926 1313 1966 latitudine
1334 1926 1447 1966 inter
1467 1940 1598 1966 unam
1619 1925 1827 1965 venellam

226 1995 453 2036 ducentem
475 2011 499 2036 a
519 1996 731 2036 hameleto
754 1995 804 2036 de
827 1995 1080 2036 Overforthe
1101 1995 1303 2049 praedicto
1325 2009 1459 2048 usque
1481 1995 1534 2034 ad
1555 2009 1753 2047 campum
1775 1994 1826 2034 de

226 2064 479 2105 Overforthe
501 2079 551 2105 ex
572 2069 692 2118 parte
714 2064 967 2104 occidentali
989 2069 1031 2104 et
1052 2064 1303 2117 praedictum
1334 2064 1517 2103 rivulum
1541 2063 1592 2103 de
1615 2063 1826 2116 Hoghton

227 2133 360 2174 broke
383 2148 433 2174 ex
453 2138 574 2187 parte
596 2133 849 2174 occidentali
880 2138 922 2173 et
954 2132 1145 2173 extendit
1176 2132 1223 2172 in
1252 2132 1521 2185 longitudine
1544 2146 1567 2171 a
1587 2136 1701 2171 terra
1723 2131 1825 2171 dicti

225 2202 342 2242 Petri
376 2202 423 2242 111
454 2207 608 2242 tenura
641 2202 745 2242 dicti
779 2201 965 2243 Gilberti
998 2201 1157 2241 Madur
1190 2215 1240 2241 ex
1272 2206 1392 2254 parte
1418 2200 1578 2241 boreali
1605 2214 1740 2254 usque
1773 2200 1826 2240 ad

224 2273 383 2310 terram
405 2270 507 2311 dicti
530 2271 646 2311 Petri
666 2271 712 2311 in
732 2275 886 2311 tenura
907 2270 1009 2311 dicti
1033 2270 1217 2311 Gilberti
1239 2284 1289 2310 ex
1309 2274 1429 2324 parte
1451 2269 1639 2309 australi.
1718 2269 1825 2310 Quae

223 2338 513 2391 messuagium
549 2344 693 2379 ortum
727 2343 851 2378 terrae
887 2343 929 2378 et
964 2344 1211 2379 tencmenta
1251 2338 1452 2392 praedicta
1487 2337 1674 2378 reddunt
1710 2337 1824 2378 dicto

224 2406 353 2446 Petro
374 2420 449 2459 per
470 2421 630 2447 annum
652 2407 704 2447 de
725 2407 897 2447 redditu
916 2407 1148 2447 voluntatis
1165 2407 1392 2448 tresdecim
1410 2407 1565 2447 solidos
1584 2412 1625 2447 et
1643 2411 1824 2459 quatuor

225 2474 420 2515 denarios
457 2489 554 2516 cum
588 2475 758 2515 servitio
787 2474 982 2515 videlicet
1010 2475 1056 2515 in
1080 2476 1297 2528 implendo
1330 2476 1474 2529 bigam
1508 2475 1694 2515 fimalem
1730 2488 1823 2527 quae

223 2544 335 2584 valet
368 2544 473 2585 duos
508 2544 703 2585 denarios
728 2544 833 2584 item
861 2558 947 2584 una
980 2544 1046 2584 die
1079 2544 1272 2586 faciendo
1305 2545 1469 2586 foenum
1491 2559 1584 2598 quae
1604 2543 1715 2584 valet
1748 2557 1822 2596 per

224 2626 385 2653 annum
418 2645 562 2654 .....
596 2612 816 2653 (101131111111
844 2626 941 2652 011111
964 2618 1144 2665 quatuor
1166 2613 1314 2654 diebus
1349 2612 1694 2667 autumpnalibus
1728 2626 1819 2664 quae

223 2680 364 2721 valent
386 2686 481 2722 octo
504 2681 709 2722 denarios.
