1991 2916
228 201 285 239 40
524 214 578 239 DE
604 213 762 241 TERRIS
784 214 836 241 ET
859 215 1143 242 TENEMENTIS
1167 216 1215 241 IN
1240 216 1532 243 WERYNGTON.

286 321 399 363 Item
424 327 543 363 tenet
572 323 675 364 duas
705 338 821 365 aeras
850 330 974 366 terrae
1001 325 1182 366 invicem
1205 326 1397 379 jacentes
1427 325 1473 365 in
1502 338 1650 378 eampo
1678 329 1826 364 vocato

230 391 389 446 Hollay
413 392 458 432 in
489 392 716 434 latitudine
748 394 860 434 inter
887 399 1045 435 terram
1072 394 1278 434 heredum
1308 394 1466 448 Rogeri
1493 392 1754 447 Arosmythe
1781 391 1826 431 in

226 466 379 501 tenura
419 462 629 502 Johannis
672 464 898 504 Pasmethe
940 464 1083 518 glover
1123 478 1173 504 ex
1218 469 1338 517 parte
1383 462 1544 504 boreali
1585 467 1627 502 et
1667 466 1826 502 terram

230 530 409 570 Henriei
441 531 587 572 Birom
615 531 661 571 in
688 537 841 572 tenura
870 533 1050 573 Hem'iei
1080 532 1326 587 Hawrobyn
1354 547 1404 574 ex
1432 537 1551 586 parte
1580 530 1755 571 australi
1784 534 1826 570 et

229 599 466 639 extendunt
491 600 537 639 in
557 600 825 653 longitudine
848 616 871 641 a
891 602 1014 642 litore
1035 602 1164 642 maris
1187 615 1237 642 ex
1257 607 1378 655 parte
1399 600 1597 642 orientali
1616 613 1751 652 usque
1773 598 1827 638 ad

229 667 442 720 quandam
482 668 765 709 hadelandam
802 671 981 711 Henriei
1022 671 1170 712 Birom
1205 671 1251 711 in
1285 676 1439 712 tenura
1474 669 1578 710 dieti
1615 669 1639 708 J
1644 667 1825 709 ohannis

228 735 455 776 Pasmethe
477 750 527 776 ex
551 743 671 790 parte
693 739 958 780 occidentali.

284 805 398 845 Item
428 810 548 845 tenet
579 807 705 847 aliam
737 822 877 848 aeram
908 813 1032 849 terrae
1064 808 1232 848 arabilis
1263 808 1308 848 in
1341 807 1500 861 Hollay
1530 805 1734 860 praedicto
1760 805 1825 858 ja-

227 878 394 913 centem
429 873 475 913 in
509 874 736 915 latitudine
777 876 890 916 inter
929 882 1087 917 terram
1124 876 1309 917 Gilberti
1350 876 1557 930 Rysseley
1592 875 1637 915 in
1672 879 1826 914 tenura

225 941 398 981 Thomae
434 941 559 994 Pepir
595 956 642 982 ex
679 948 799 996 parte
840 944 1094 984 occidentali
1129 950 1171 984 et
1211 949 1370 985 terram
1406 943 1737 984 ecelesiasticam
1774 942 1825 982 de

225 1009 495 1063 IVeryngton
530 1011 818 1063 pertinentem
854 1013 950 1053 altae
987 1013 1175 1054 eeclesiae
1209 1027 1346 1067 nuper
1382 1013 1427 1053 in
1463 1018 1617 1053 tenura
1651 1012 1825 1052 Thomae

223 1077 394 1132 IVylme
416 1093 466 1119 ex
486 1084 606 1132 parte
627 1080 823 1121 orientali
845 1086 887 1122 et
909 1082 1100 1123 extendit
1120 1082 1166 1123 in
1186 1082 1458 1136 longitudine
1481 1097 1504 1122 a
1523 1081 1707 1136 quadam
1729 1094 1825 1121 aera

222 1151 345 1187 terrae
366 1147 589 1188 Willielmi
617 1150 811 1191 Botiller1
842 1150 888 1191 in
915 1156 1069 1192 tenura
1098 1151 1314 1205 Radulphi
1344 1151 1651 1204 Kellurmargh
1671 1154 1822 1190 vocata

227 1215 492 1270 Hobbeakyr
532 1231 582 1257 ex
621 1224 741 1272 parte
782 1220 958 1260 australi
993 1235 1127 1274 usque
1165 1220 1218 1261 ad
1251 1225 1424 1274 pratum
1459 1220 1628 1260 heredis
1666 1218 1824 1272 Rogeri

223 1284 484 1338 Arosmythe
504 1292 701 1326 vocatum
723 1288 885 1329 Downe
905 1289 1047 1329 howse
1068 1289 1193 1330 medo
1215 1303 1266 1329 ex
1286 1294 1406 1342 parte
1426 1288 1599 1329 boreali.

281 1353 394 1393 Item
415 1358 535 1394 tenet
557 1355 682 1395 aliam
705 1370 847 1396 0010111
867 1361 991 1398 terrae
1014 1357 1182 1398 arabilis
1204 1358 1250 1398 in
1273 1358 1432 1412 Hollay
1451 1357 1655 1411 praedicto
1678 1356 1823 1410 jacen-

222 1425 311 1461 tem
346 1421 393 1461 in
427 1422 655 1464 latitudine
690 1425 804 1466 inter
840 1425 1062 1467 dimidiam
1099 1441 1239 1467 aeram
1275 1427 1498 1467 willielmi
1539 1425 1734 1468 Botillerl
1778 1425 1825 1465 in

223 1494 376 1530 tenura
406 1491 585 1533 Henriei
613 1493 781 1535 Munke
810 1509 860 1535 ex
888 1500 1008 1548 parte
1036 1496 1234 1537 orientali
1255 1501 1297 1537 et
1322 1501 1481 1537 terram
1501 1495 1696 1536 videlieet
1719 1494 1823 1534 duas

223 1572 340 1599 aeras
380 1564 505 1601 terrae
541 1561 644 1602 dieti
684 1563 799 1603 Petri
844 1564 1108 1617 pertinentes
1144 1565 1384 1618 messuagio
1419 1578 1556 1618 nuper
1590 1564 1636 1604 in
1672 1568 1825 1604 tenura

223 1627 382 1681 Rogeri
411 1629 595 1684 Kenyan
621 1632 783 1685 jacenti
813 1633 859 1673 in
886 1633 977 1674 vieo
1007 1634 1132 1675 dietae
1158 1634 1267 1674 villae
1296 1634 1347 1674 de
1378 1633 1648 1687 Weryngton
1674 1637 1823 1673 vocato

223 1696 326 1736 Prat
352 1711 462 1738 rowe
488 1699 684 1740 videlieet
712 1715 762 1741 ex
787 1706 906 1755 parte
932 1702 1093 1742 boreali
1119 1702 1200 1743 fori
1229 1703 1352 1743 dietae
1372 1703 1481 1743 111100
1503 1716 1553 1742 ex
1573 1706 1693 1755 parte
1715 1701 1824 1742 0001-

224 1764 385 1805 dentah'
406 1771 449 1807 et
471 1768 662 1808 extendit
684 1769 730 1809 in
750 1769 1020 1823 longitudine
1043 1785 1066 1810 a
1085 1771 1210 1811 litore
1227 1785 1345 1824 aquae
1363 1771 1414 1811 de
1431 1771 1601 1811 Mersee
1621 1770 1824 1823 praedicta

222 1847 273 1874 ex
298 1839 417 1887 parte
440 1837 615 1877 australi
635 1852 770 1892 usque
792 1839 845 1878 ad
867 1839 1080 1892 quandam
1101 1840 1310 1880 venellam
1331 1844 1523 1880 vocatam
1547 1839 1705 1893 Hollay
1725 1839 1822 1880 lane

221 1916 270 1943 ex
299 1908 419 1956 parte
447 1904 620 1957 boreali,
654 1921 746 1960 quae
776 1907 941 1948 venella
969 1908 1086 1948 ducit
1119 1923 1143 1948 a
1171 1913 1305 1949 strato
1332 1913 1482 1949 vocato
1511 1907 1660 1962 Kyrke
1690 1912 1822 1948 strete

219 1985 356 2025 usque
378 1972 432 2012 ad
451 1974 703 2026 praedietum
725 1989 921 2029 campum
944 1976 995 2017 de
1019 1977 1190 2031 Hollay.

277 2040 392 2080 Item
413 2046 533 2082 tenet
555 2043 775 2084 dimidiam
798 2059 938 2085 aeram
958 2045 1004 2085 in
1027 2046 1186 2100 Hollay
1202 2045 1404 2099 praedieto
1421 2045 1637 2099 jacentem
1658 2045 1705 2085 in
1724 2044 1820 2084 lati-

215 2108 364 2150 tudine
385 2110 498 2151 inter
518 2117 676 2153 terram
698 2113 878 2155 abbatiae
901 2114 952 2155 de
973 2115 1164 2155 Norton2
1185 2115 1230 2155 in
1252 2120 1406 2155 tenura
1428 2115 1454 2155 J
1458 2114 1638 2155 ohannis
1662 2114 1818 2155 Diehe-

218 2177 303 2218 feld
332 2193 381 2219 ex
409 2185 528 2233 parte
556 2182 716 2223 boreali
744 2188 786 2223 et
813 2188 972 2224 terram
1001 2184 1172 2225 Rieardi
1202 2185 1372 2225 Bruelie
1396 2184 1442 2224 in
1463 2188 1618 2225 tenura
1640 2183 1821 2224 Henriei

265 2353 273 2371 ¹
293 2353 399 2393 Ante,
414 2363 498 2394 page
515 2354 545 2384 4.

265 2406 277 2425 2
293 2407 366 2438 The
383 2410 579 2447 monastery
596 2406 633 2437 of
654 2407 789 2438 Norton
812 2407 891 2438 held
913 2407 1004 2439 their
1021 2408 1252 2450 NVarrington
1269 2409 1367 2441 lands
1383 2410 1495 2442 under
1509 2410 1569 2441 the
1586 2408 1738 2450 Bussers,
1753 2409 1820 2440 and

218 2459 255 2491 in
276 2460 336 2491 the
358 2459 560 2500 inquisition
582 2460 686 2491 taken
709 2461 769 2491 4th
791 2460 889 2502 July,
912 2462 951 2491 14
973 2462 1065 2493 Hen.
1082 2462 1206 2503 VIII„
1228 2463 1318 2495 after
1336 2464 1395 2495 the
1412 2464 1516 2495 death
1533 2463 1571 2494 of
1589 2463 1649 2494 the
1667 2462 1744 2494 first
1765 2462 1821 2493 Sir

219 2514 366 2546 Thomas
388 2513 522 2554 Butler,
538 2514 597 2545 the
615 2514 775 2545 deceased
797 2525 863 2546 was
879 2514 987 2546 found
1003 2520 1038 2547 to
1056 2516 1142 2547 have
1158 2517 1243 2548 been
1260 2517 1366 2548 seised
1389 2517 1426 2549 of
1447 2518 1507 2549 the
1529 2517 1671 2557 homage
1697 2516 1735 2548 of
1758 2517 1818 2548 the

218 2568 313 2610 prior
329 2569 367 2600 of
381 2569 529 2609 Norton,
543 2572 702 2609 amongst
719 2569 778 2600 the
794 2569 954 2610 homages
970 2569 1008 2600 of
1021 2570 1080 2601 the
1093 2570 1268 2612 following
1281 2571 1521 2603 ecelesiastical
1538 2582 1677 2612 persons
1693 2583 1700 2602 ε

261 2623 313 2656 De
335 2623 492 2664 homagio
513 2627 547 2655 et
569 2622 707 2655 servitio
728 2623 850 2665 prioris
871 2623 912 2654 de
935 2623 1157 2666 Birkehenyd
1180 2626 1220 2657 de
1241 2626 1348 2658 libero
1374 2630 1575 2658 tenemento
1596 2635 1655 2657 suo
1672 2624 1761 2666 quod
1778 2625 1818 2656 de

345 2676 507 2718 praedicto
524 2677 656 2710 Thema
672 2676 785 2709 tenuit
802 2677 837 2709 in
854 2677 1089 2718 XVeryngton.
