<?xml version="1.0" encoding="UTF-8"?>
<!DOCTYPE html PUBLIC "-//W3C//DTD XHTML 1.0 Transitional//EN"
    "http://www.w3.org/TR/xhtml1/DTD/xhtml1-transitional.dtd">
<html xmlns="http://www.w3.org/1999/xhtml" xml:lang="en" lang="en">
 <head>
  <title>
</title>
<meta http-equiv="Content-Type" content="text/html;charset=utf-8" />
  <meta name='ocr-system' content='tesseract 3.04.00' />
  <meta name='ocr-capabilities' content='ocr_page ocr_carea ocr_par ocr_line ocrx_word'/>
</head>
<body>
  <div class='ocr_page' id='page_1' title='image "./warringtoninmccc00beamrich_0198.png"; bbox 0 0 1991 2916; ppageno 0'>
   <div class='ocr_carea' id='block_1_1' title="bbox 223 232 1553 271">
    <p class='ocr_par' dir='ltr' id='par_1_1' title="bbox 223 232 1553 271">
     <span class='ocr_line' id='line_1_1' title="bbox 223 232 1553 271; baseline -0.005 0"><span class='ocrx_word' id='word_1_1' title='bbox 223 232 304 271; x_wconf 87' lang='lat'>100</span> <span class='ocrx_word' id='word_1_2' title='bbox 487 243 541 268; x_wconf 75' lang='lat' dir='ltr'>m:</span> <span class='ocrx_word' id='word_1_3' title='bbox 567 240 841 268; x_wconf 73' lang='lat' dir='ltr'>REDDITIBUS</span> <span class='ocrx_word' id='word_1_4' title='bbox 865 239 1163 267; x_wconf 80' lang='lat' dir='ltr'><strong>CAPITALIBUS</strong></span> <span class='ocrx_word' id='word_1_5' title='bbox 1188 239 1236 265; x_wconf 85' lang='lat' dir='ltr'>IN</span> <span class='ocrx_word' id='word_1_6' title='bbox 1260 238 1553 265; x_wconf 78' lang='lat' dir='ltr'><strong>WERYNGTON.</strong></span> 
     </span>
    </p>
   </div>
   <div class='ocr_carea' id='block_1_2' title="bbox 216 346 1821 887">
    <p class='ocr_par' dir='ltr' id='par_1_2' title="bbox 216 346 1819 530">
     <span class='ocr_line' id='line_1_2' title="bbox 216 346 1819 407; baseline -0.004 -13"><span class='ocrx_word' id='word_1_7' title='bbox 216 352 486 407; x_wconf 81' lang='lat' dir='ltr'>longitudine</span> <span class='ocrx_word' id='word_1_8' title='bbox 511 367 535 392; x_wconf 86' lang='lat' dir='ltr'>a</span> <span class='ocrx_word' id='word_1_9' title='bbox 568 365 663 392; x_wconf 83' lang='lat' dir='ltr'>acra</span> <span class='ocrx_word' id='word_1_10' title='bbox 682 356 807 391; x_wconf 73' lang='lat' dir='ltr'>terrae</span> <span class='ocrx_word' id='word_1_11' title='bbox 829 350 1125 391; x_wconf 76' lang='lat' dir='ltr'>ecclesiasticae</span> <span class='ocrx_word' id='word_1_12' title='bbox 1151 349 1198 389; x_wconf 88' lang='lat' dir='ltr'>in</span> <span class='ocrx_word' id='word_1_13' title='bbox 1222 354 1375 389; x_wconf 87' lang='lat' dir='ltr'>tenura</span> <span class='ocrx_word' id='word_1_14' title='bbox 1403 347 1561 401; x_wconf 81' lang='lat' dir='ltr'>Rogeri</span> <span class='ocrx_word' id='word_1_15' title='bbox 1590 346 1819 402; x_wconf 84' lang='lat' dir='ltr'>Hyndeley</span> 
     </span>
     <span class='ocr_line' id='line_1_3' title="bbox 220 417 1819 475; baseline -0.004 -13"><span class='ocrx_word' id='word_1_16' title='bbox 220 436 270 462; x_wconf 87' lang='lat' dir='ltr'>ex</span> <span class='ocrx_word' id='word_1_17' title='bbox 293 426 413 475; x_wconf 86' lang='lat' dir='ltr'>parte</span> <span class='ocrx_word' id='word_1_18' title='bbox 435 420 687 461; x_wconf 80' lang='lat' dir='ltr'>occidentali</span> <span class='ocrx_word' id='word_1_19' title='bbox 708 424 750 460; x_wconf 88' lang='lat' dir='ltr'>et</span> <span class='ocrx_word' id='word_1_20' title='bbox 773 420 906 460; x_wconf 83' lang='lat' dir='ltr'>dietas</span> <span class='ocrx_word' id='word_1_21' title='bbox 930 419 1034 459; x_wconf 81' lang='lat' dir='ltr'>duas</span> <span class='ocrx_word' id='word_1_22' title='bbox 1057 433 1173 459; x_wconf 81' lang='lat' dir='ltr'>aeras</span> <span class='ocrx_word' id='word_1_23' title='bbox 1190 417 1412 458; x_wconf 79' lang='lat' dir='ltr'>Willielmi</span> <span class='ocrx_word' id='word_1_24' title='bbox 1430 417 1608 458; x_wconf 87' lang='lat' dir='ltr'>Botiller</span> <span class='ocrx_word' id='word_1_25' title='bbox 1629 431 1679 457; x_wconf 80' lang='lat' dir='ltr'>ex</span> <span class='ocrx_word' id='word_1_26' title='bbox 1699 421 1819 470; x_wconf 88' lang='lat' dir='ltr'>parte</span> 
     </span>
     <span class='ocr_line' id='line_1_4' title="bbox 221 489 430 530; baseline -0.005 0"><span class='ocrx_word' id='word_1_27' title='bbox 221 489 430 530; x_wconf 85' lang='lat' dir='ltr'>orientali.</span> 
     </span>
    </p>

    <p class='ocr_par' dir='ltr' id='par_1_3' title="bbox 220 553 1821 887">
     <span class='ocr_line' id='line_1_5' title="bbox 278 553 1821 611; baseline -0.004 -12"><span class='ocrx_word' id='word_1_28' title='bbox 278 559 392 599; x_wconf 89' lang='lat' dir='ltr'>Item</span> <span class='ocrx_word' id='word_1_29' title='bbox 408 563 526 599; x_wconf 86' lang='lat' dir='ltr'>tenet</span> <span class='ocrx_word' id='word_1_30' title='bbox 540 572 614 611; x_wconf 87' lang='lat' dir='ltr'>per</span> <span class='ocrx_word' id='word_1_31' title='bbox 627 558 789 598; x_wconf 84' lang='lat' dir='ltr'>dictum</span> <span class='ocrx_word' id='word_1_32' title='bbox 808 557 1026 597; x_wconf 82' lang='lat' dir='ltr'>servitium</span> <span class='ocrx_word' id='word_1_33' title='bbox 1044 556 1169 596; x_wconf 81' lang='lat' dir='ltr'>aliam</span> <span class='ocrx_word' id='word_1_34' title='bbox 1183 555 1402 596; x_wconf 82' lang='lat' dir='ltr'>dimidiam</span> <span class='ocrx_word' id='word_1_35' title='bbox 1420 569 1560 595; x_wconf 83' lang='lat' dir='ltr'>aeram</span> <span class='ocrx_word' id='word_1_36' title='bbox 1573 554 1619 594; x_wconf 92' lang='lat' dir='ltr'>in</span> <span class='ocrx_word' id='word_1_37' title='bbox 1635 553 1821 607; x_wconf 84' lang='lat' dir='ltr'>Arpeley</span> 
     </span>
     <span class='ocr_line' id='line_1_6' title="bbox 220 622 1821 679; baseline -0.003 -12"><span class='ocrx_word' id='word_1_38' title='bbox 220 627 522 668; x_wconf 76' lang='lat' dir='ltr'>extendentem</span> <span class='ocrx_word' id='word_1_39' title='bbox 556 640 682 679; x_wconf 82' lang='lat' dir='ltr'>super</span> <span class='ocrx_word' id='word_1_40' title='bbox 710 625 1016 666; x_wconf 76' lang='lat' dir='ltr'>occidentalem</span> <span class='ocrx_word' id='word_1_41' title='bbox 1040 625 1170 664; x_wconf 87' lang='lat' dir='ltr'>finem</span> <span class='ocrx_word' id='word_1_42' title='bbox 1200 625 1331 678; x_wconf 67' lang='lat' dir='ltr'>spinae</span> <span class='ocrx_word' id='word_1_43' title='bbox 1355 625 1401 664; x_wconf 88' lang='grc'>111</span> <span class='ocrx_word' id='word_1_44' title='bbox 1427 624 1541 664; x_wconf 81' lang='lat' dir='ltr'>dicta</span> <span class='ocrx_word' id='word_1_45' title='bbox 1567 622 1821 664; x_wconf 78' lang='lat' dir='ltr'>occidentali</span> 
     </span>
     <span class='ocr_line' id='line_1_7' title="bbox 221 690 1821 750; baseline -0.004 -14"><span class='ocrx_word' id='word_1_46' title='bbox 221 701 342 750; x_wconf 85' lang='lat' dir='ltr'>parte</span> <span class='ocrx_word' id='word_1_47' title='bbox 362 695 409 735; x_wconf 91' lang='lat' dir='ltr'>in</span> <span class='ocrx_word' id='word_1_48' title='bbox 429 695 627 748; x_wconf 88' lang='lat' dir='ltr'>Arpeley.</span> <span class='ocrx_word' id='word_1_49' title='bbox 696 695 803 736; x_wconf 76' lang='lat' dir='ltr'>Quae</span> <span class='ocrx_word' id='word_1_50' title='bbox 836 693 979 733; x_wconf 87' lang='lat' dir='ltr'>omnia</span> <span class='ocrx_word' id='word_1_51' title='bbox 1011 693 1214 746; x_wconf 84' lang='lat' dir='ltr'>praedieta</span> <span class='ocrx_word' id='word_1_52' title='bbox 1244 693 1430 733; x_wconf 87' lang='lat' dir='ltr'>reddunt</span> <span class='ocrx_word' id='word_1_53' title='bbox 1463 693 1576 733; x_wconf 84' lang='lat' dir='ltr'>dicto</span> <span class='ocrx_word' id='word_1_54' title='bbox 1608 692 1736 732; x_wconf 88' lang='lat' dir='ltr'>Petro</span> <span class='ocrx_word' id='word_1_55' title='bbox 1769 690 1821 730; x_wconf 90' lang='lat' dir='ltr'>de</span> 
     </span>
     <span class='ocr_line' id='line_1_8' title="bbox 221 761 1820 818; baseline -0.003 -14"><span class='ocrx_word' id='word_1_56' title='bbox 221 764 391 818; x_wconf 83' lang='lat' dir='ltr'>capitali</span> <span class='ocrx_word' id='word_1_57' title='bbox 417 763 590 804; x_wconf 77' lang='lat' dir='ltr'>redditu</span> <span class='ocrx_word' id='word_1_58' title='bbox 614 776 688 816; x_wconf 86' lang='lat' dir='ltr'>per</span> <span class='ocrx_word' id='word_1_59' title='bbox 714 776 874 802; x_wconf 89' lang='lat' dir='ltr'>annum</span> <span class='ocrx_word' id='word_1_60' title='bbox 909 775 977 801; x_wconf 83' lang='lat' dir='ltr'>sex</span> <span class='ocrx_word' id='word_1_61' title='bbox 1013 761 1170 802; x_wconf 84' lang='lat' dir='ltr'>solidos</span> <span class='ocrx_word' id='word_1_62' title='bbox 1203 766 1246 801; x_wconf 89' lang='lat' dir='ltr'>et</span> <span class='ocrx_word' id='word_1_63' title='bbox 1278 775 1431 802; x_wconf 88' lang='lat' dir='ltr'>novem</span> <span class='ocrx_word' id='word_1_64' title='bbox 1452 761 1647 801; x_wconf 85' lang='lat' dir='ltr'>denarios</span> <span class='ocrx_word' id='word_1_65' title='bbox 1669 765 1712 800; x_wconf 92' lang='lat' dir='ltr'>et</span> <span class='ocrx_word' id='word_1_66' title='bbox 1732 764 1820 800; x_wconf 84' lang='lat' dir='ltr'>tres</span> 
     </span>
     <span class='ocr_line' id='line_1_9' title="bbox 222 831 664 887; baseline -0.007 -14"><span class='ocrx_word' id='word_1_67' title='bbox 222 837 473 887; x_wconf 86' lang='lat' dir='ltr'>quartronas</span> <span class='ocrx_word' id='word_1_68' title='bbox 495 831 664 884; x_wconf 77' lang='lat' dir='ltr'>piperis.</span> 
     </span>
    </p>
   </div>
   <div class='ocr_carea' id='block_1_3' title="bbox 219 965 1824 2649">
    <p class='ocr_par' dir='ltr' id='par_1_4' title="bbox 219 965 1822 1571">
     <span class='ocr_line' id='line_1_10' title="bbox 277 965 1820 1020; baseline -0.003 -10"><span class='ocrx_word' id='word_1_69' title='bbox 277 970 468 1010; x_wconf 83' lang='lat' dir='ltr'><strong>THOMAS</strong></span> <span class='ocrx_word' id='word_1_70' title='bbox 492 968 642 1008; x_wconf 80' lang='lat' dir='ltr'>HILLE</span> <span class='ocrx_word' id='word_1_71' title='bbox 665 971 784 1007; x_wconf 88' lang='lat' dir='ltr'>tenet</span> <span class='ocrx_word' id='word_1_72' title='bbox 801 966 852 1007; x_wconf 88' lang='lat' dir='ltr'>de</span> <span class='ocrx_word' id='word_1_73' title='bbox 875 966 988 1007; x_wconf 83' lang='lat' dir='ltr'>dieto</span> <span class='ocrx_word' id='word_1_74' title='bbox 1010 967 1137 1007; x_wconf 87' lang='lat' dir='ltr'>Petro</span> <span class='ocrx_word' id='word_1_75' title='bbox 1154 966 1275 1020; x_wconf 81' lang='lat' dir='ltr'>Legh</span> <span class='ocrx_word' id='word_1_76' title='bbox 1295 966 1342 1006; x_wconf 91' lang='lat' dir='ltr'>in</span> <span class='ocrx_word' id='word_1_77' title='bbox 1358 966 1494 1020; x_wconf 86' lang='lat' dir='ltr'>capite</span> <span class='ocrx_word' id='word_1_78' title='bbox 1509 979 1585 1019; x_wconf 87' lang='lat' dir='ltr'>per</span> <span class='ocrx_word' id='word_1_79' title='bbox 1601 965 1820 1005; x_wconf 82' lang='lat' dir='ltr'>servitium</span> 
     </span>
     <span class='ocr_line' id='line_1_11' title="bbox 220 1034 1822 1089; baseline -0.002 -11"><span class='ocrx_word' id='word_1_80' title='bbox 220 1038 404 1079; x_wconf 85' lang='lat' dir='ltr'>militare</span> <span class='ocrx_word' id='word_1_81' title='bbox 431 1051 566 1077; x_wconf 91' lang='lat' dir='ltr'>unum</span> <span class='ocrx_word' id='word_1_82' title='bbox 594 1049 791 1088; x_wconf 85' lang='lat' dir='ltr'>eampum</span> <span class='ocrx_word' id='word_1_83' title='bbox 818 1035 864 1075; x_wconf 86' lang='lat' dir='ltr'>in</span> <span class='ocrx_word' id='word_1_84' title='bbox 889 1035 1075 1089; x_wconf 88' lang='lat' dir='ltr'>Arpeley</span> <span class='ocrx_word' id='word_1_85' title='bbox 1100 1034 1394 1074; x_wconf 77' lang='lat' dir='ltr'>continentem</span> <span class='ocrx_word' id='word_1_86' title='bbox 1421 1034 1525 1074; x_wconf 84' lang='lat' dir='ltr'>duas</span> <span class='ocrx_word' id='word_1_87' title='bbox 1553 1048 1670 1074; x_wconf 83' lang='lat' dir='ltr'>acras</span> <span class='ocrx_word' id='word_1_88' title='bbox 1696 1039 1822 1074; x_wconf 76' lang='lat' dir='ltr'>terrae</span> 
     </span>
     <span class='ocr_line' id='line_1_12' title="bbox 221 1103 1819 1157; baseline -0.003 -10"><span class='ocrx_word' id='word_1_89' title='bbox 221 1107 391 1148; x_wconf 81' lang='lat' dir='ltr'>arabilis</span> <span class='ocrx_word' id='word_1_90' title='bbox 414 1111 456 1146; x_wconf 87' lang='lat' dir='ltr'>et</span> <span class='ocrx_word' id='word_1_91' title='bbox 478 1105 696 1145; x_wconf 80' lang='lat' dir='ltr'>dimidiam</span> <span class='ocrx_word' id='word_1_92' title='bbox 722 1118 861 1144; x_wconf 83' lang='lat' dir='ltr'>aeram</span> <span class='ocrx_word' id='word_1_93' title='bbox 892 1108 1018 1143; x_wconf 82' lang='lat' dir='ltr'>terrae</span> <span class='ocrx_word' id='word_1_94' title='bbox 1044 1104 1236 1157; x_wconf 81' lang='lat' dir='ltr'>jacentes</span> <span class='ocrx_word' id='word_1_95' title='bbox 1257 1104 1303 1143; x_wconf 90' lang='lat' dir='ltr'>in</span> <span class='ocrx_word' id='word_1_96' title='bbox 1324 1103 1552 1143; x_wconf 87' lang='lat' dir='ltr'>latitudine</span> <span class='ocrx_word' id='word_1_97' title='bbox 1573 1103 1686 1143; x_wconf 86' lang='lat' dir='ltr'>inter</span> <span class='ocrx_word' id='word_1_98' title='bbox 1707 1117 1819 1143; x_wconf 85' lang='lat' dir='ltr'>eam-</span> 
     </span>
     <span class='ocr_line' id='line_1_13' title="bbox 219 1171 1821 1230; baseline -0.002 -15"><span class='ocrx_word' id='word_1_99' title='bbox 219 1190 323 1230; x_wconf 86' lang='lat' dir='ltr'>pum</span> <span class='ocrx_word' id='word_1_100' title='bbox 358 1174 575 1227; x_wconf 84' lang='lat' dir='ltr'>Ranulphi</span> <span class='ocrx_word' id='word_1_101' title='bbox 608 1173 659 1213; x_wconf 91' lang='lat' dir='ltr'>de</span> <span class='ocrx_word' id='word_1_102' title='bbox 694 1173 855 1214; x_wconf 82' lang='lat' dir='ltr'>Rixton</span> <span class='ocrx_word' id='word_1_103' title='bbox 887 1186 938 1212; x_wconf 79' lang='lat' dir='ltr'>ex</span> <span class='ocrx_word' id='word_1_104' title='bbox 970 1177 1090 1226; x_wconf 88' lang='lat' dir='ltr'>parte</span> <span class='ocrx_word' id='word_1_105' title='bbox 1117 1172 1313 1212; x_wconf 75' lang='lat' dir='ltr'>orientali</span> <span class='ocrx_word' id='word_1_106' title='bbox 1346 1176 1388 1212; x_wconf 87' lang='lat' dir='ltr'>et</span> <span class='ocrx_word' id='word_1_107' title='bbox 1423 1186 1563 1212; x_wconf 84' lang='lat' dir='ltr'>acram</span> <span class='ocrx_word' id='word_1_108' title='bbox 1596 1171 1821 1211; x_wconf 74' lang='lat' dir='ltr'>willielmi</span> 
     </span>
     <span class='ocr_line' id='line_1_14' title="bbox 220 1240 1820 1294; baseline -0.003 -9"><span class='ocrx_word' id='word_1_109' title='bbox 220 1244 400 1286; x_wconf 85' lang='lat' dir='ltr'>Botiller</span> <span class='ocrx_word' id='word_1_110' title='bbox 416 1243 461 1283; x_wconf 91' lang='lat' dir='ltr'>in</span> <span class='ocrx_word' id='word_1_111' title='bbox 477 1247 630 1282; x_wconf 87' lang='lat' dir='ltr'>tenura</span> <span class='ocrx_word' id='word_1_112' title='bbox 645 1241 867 1281; x_wconf 74' lang='lat' dir='ltr'>Willielmi</span> <span class='ocrx_word' id='word_1_113' title='bbox 891 1241 1035 1294; x_wconf 83' lang='lat' dir='ltr'>Sporis</span> <span class='ocrx_word' id='word_1_114' title='bbox 1053 1255 1103 1281; x_wconf 81' lang='lat' dir='ltr'>ex</span> <span class='ocrx_word' id='word_1_115' title='bbox 1120 1246 1239 1294; x_wconf 83' lang='lat' dir='ltr'>parte</span> <span class='ocrx_word' id='word_1_116' title='bbox 1256 1241 1508 1281; x_wconf 83' lang='lat' dir='ltr'>occidentali</span> <span class='ocrx_word' id='word_1_117' title='bbox 1530 1245 1571 1280; x_wconf 92' lang='lat' dir='ltr'>et</span> <span class='ocrx_word' id='word_1_118' title='bbox 1589 1240 1820 1280; x_wconf 84' lang='lat' dir='ltr'>extenden-</span> 
     </span>
     <span class='ocr_line' id='line_1_15' title="bbox 220 1309 1821 1365; baseline -0.003 -13"><span class='ocrx_word' id='word_1_119' title='bbox 220 1318 310 1353; x_wconf 90' lang='lat' dir='ltr'>tem</span> <span class='ocrx_word' id='word_1_120' title='bbox 345 1312 392 1352; x_wconf 89' lang='lat' dir='ltr'>in</span> <span class='ocrx_word' id='word_1_121' title='bbox 424 1311 693 1365; x_wconf 78' lang='lat' dir='ltr'>longitudine</span> <span class='ocrx_word' id='word_1_122' title='bbox 735 1325 759 1350; x_wconf 82' lang='lat' dir='ltr'>a</span> <span class='ocrx_word' id='word_1_123' title='bbox 791 1324 940 1363; x_wconf 84' lang='lat' dir='ltr'>campo</span> <span class='ocrx_word' id='word_1_124' title='bbox 972 1310 1152 1350; x_wconf 81' lang='lat' dir='ltr'>haeredis</span> <span class='ocrx_word' id='word_1_125' title='bbox 1188 1310 1345 1363; x_wconf 83' lang='lat' dir='ltr'>Rogeri</span> <span class='ocrx_word' id='word_1_126' title='bbox 1378 1309 1639 1363; x_wconf 86' lang='lat' dir='ltr'>Arosmythe</span> <span class='ocrx_word' id='word_1_127' title='bbox 1672 1313 1821 1348; x_wconf 81' lang='lat' dir='ltr'>vocato</span> 
     </span>
     <span class='ocr_line' id='line_1_16' title="bbox 222 1376 1821 1434; baseline -0.003 -13"><span class='ocrx_word' id='word_1_128' title='bbox 222 1381 455 1434; x_wconf 82' lang='lat' dir='ltr'>Longohey</span> <span class='ocrx_word' id='word_1_129' title='bbox 491 1394 541 1420; x_wconf 80' lang='lat' dir='ltr'>ex</span> <span class='ocrx_word' id='word_1_130' title='bbox 572 1384 693 1433; x_wconf 81' lang='lat' dir='ltr'>parto</span> <span class='ocrx_word' id='word_1_131' title='bbox 727 1378 903 1418; x_wconf 78' lang='lat' dir='ltr'>australi</span> <span class='ocrx_word' id='word_1_132' title='bbox 935 1392 1070 1431; x_wconf 86' lang='lat' dir='ltr'>usque</span> <span class='ocrx_word' id='word_1_133' title='bbox 1104 1377 1157 1417; x_wconf 89' lang='lat' dir='ltr'>ad</span> <span class='ocrx_word' id='word_1_134' title='bbox 1189 1382 1276 1418; x_wconf 84' lang='lat' dir='ltr'>tres</span> <span class='ocrx_word' id='word_1_135' title='bbox 1312 1391 1428 1418; x_wconf 86' lang='lat' dir='ltr'>aeras</span> <span class='ocrx_word' id='word_1_136' title='bbox 1463 1377 1567 1417; x_wconf 84' lang='lat' dir='ltr'>dieti</span> <span class='ocrx_word' id='word_1_137' title='bbox 1598 1376 1821 1417; x_wconf 75' lang='lat' dir='ltr'>willielmi</span> 
     </span>
     <span class='ocr_line' id='line_1_17' title="bbox 222 1445 1822 1502; baseline -0.003 -13"><span class='ocrx_word' id='word_1_138' title='bbox 222 1449 402 1490; x_wconf 83' lang='lat' dir='ltr'>Botiller</span> <span class='ocrx_word' id='word_1_139' title='bbox 427 1449 473 1488; x_wconf 89' lang='lat' dir='ltr'>in</span> <span class='ocrx_word' id='word_1_140' title='bbox 499 1448 662 1488; x_wconf 87' lang='lat' dir='ltr'>tenuris</span> <span class='ocrx_word' id='word_1_141' title='bbox 689 1447 861 1487; x_wconf 84' lang='lat' dir='ltr'>Ricardi</span> <span class='ocrx_word' id='word_1_142' title='bbox 883 1448 1168 1502; x_wconf 66' lang='lat' dir='ltr'>VVynyngton</span> <span class='ocrx_word' id='word_1_143' title='bbox 1199 1452 1241 1487; x_wconf 89' lang='lat' dir='ltr'>et</span> <span class='ocrx_word' id='word_1_144' title='bbox 1273 1447 1299 1487; x_wconf 85' lang='lat' dir='ltr'><strong>J</strong></span> <span class='ocrx_word' id='word_1_145' title='bbox 1303 1447 1482 1487; x_wconf 79' lang='lat' dir='ltr'>ohannae</span> <span class='ocrx_word' id='word_1_146' title='bbox 1513 1460 1649 1500; x_wconf 85' lang='lat' dir='ltr'>nuper</span> <span class='ocrx_word' id='word_1_147' title='bbox 1678 1445 1822 1485; x_wconf 67' lang='lat' dir='ltr'>moris</span> 
     </span>
     <span class='ocr_line' id='line_1_18' title="bbox 225 1515 1024 1571; baseline -0.004 -13"><span class='ocrx_word' id='word_1_148' title='bbox 225 1516 435 1558; x_wconf 80' lang='lat' dir='ltr'>Hamonis</span> <span class='ocrx_word' id='word_1_149' title='bbox 457 1517 619 1571; x_wconf 82' lang='lat' dir='ltr'>Nayler</span> <span class='ocrx_word' id='word_1_150' title='bbox 641 1530 691 1556; x_wconf 82' lang='lat' dir='ltr'>ex</span> <span class='ocrx_word' id='word_1_151' title='bbox 711 1521 830 1570; x_wconf 82' lang='lat' dir='ltr'>parte</span> <span class='ocrx_word' id='word_1_152' title='bbox 851 1515 1024 1556; x_wconf 85' lang='lat' dir='ltr'>boreali.</span> 
     </span>
    </p>

    <p class='ocr_par' dir='ltr' id='par_1_5' title="bbox 221 1583 1824 1968">
     <span class='ocr_line' id='line_1_19' title="bbox 280 1583 1824 1637; baseline -0.002 -11"><span class='ocrx_word' id='word_1_153' title='bbox 280 1587 394 1626; x_wconf 86' lang='lat' dir='ltr'>Item</span> <span class='ocrx_word' id='word_1_154' title='bbox 427 1590 547 1626; x_wconf 90' lang='lat' dir='ltr'>tenet</span> <span class='ocrx_word' id='word_1_155' title='bbox 579 1599 711 1624; x_wconf 89' lang='lat' dir='ltr'>unam</span> <span class='ocrx_word' id='word_1_156' title='bbox 748 1598 888 1624; x_wconf 84' lang='lat' dir='ltr'>acram</span> <span class='ocrx_word' id='word_1_157' title='bbox 924 1589 1048 1624; x_wconf 82' lang='lat' dir='ltr'>terrae</span> <span class='ocrx_word' id='word_1_158' title='bbox 1083 1584 1383 1624; x_wconf 79' lang='lat' dir='ltr'>extendentem</span> <span class='ocrx_word' id='word_1_159' title='bbox 1417 1584 1463 1624; x_wconf 91' lang='lat' dir='ltr'>in</span> <span class='ocrx_word' id='word_1_160' title='bbox 1494 1583 1766 1637; x_wconf 79' lang='lat' dir='ltr'>longitudine</span> <span class='ocrx_word' id='word_1_161' title='bbox 1799 1598 1824 1623; x_wconf 82' lang='lat' dir='ltr'>a</span> 
     </span>
     <span class='ocr_line' id='line_1_20' title="bbox 221 1651 1824 1708; baseline -0.001 -14"><span class='ocrx_word' id='word_1_162' title='bbox 221 1660 344 1708; x_wconf 86' lang='lat' dir='ltr'>prato</span> <span class='ocrx_word' id='word_1_163' title='bbox 366 1654 417 1694; x_wconf 90' lang='lat' dir='ltr'>de</span> <span class='ocrx_word' id='word_1_164' title='bbox 439 1653 623 1707; x_wconf 82' lang='lat' dir='ltr'>Arpeley</span> <span class='ocrx_word' id='word_1_165' title='bbox 650 1666 700 1692; x_wconf 80' lang='lat' dir='ltr'>ex</span> <span class='ocrx_word' id='word_1_166' title='bbox 723 1657 844 1705; x_wconf 87' lang='lat' dir='ltr'>parte</span> <span class='ocrx_word' id='word_1_167' title='bbox 872 1651 1125 1691; x_wconf 81' lang='lat' dir='ltr'>occidentali</span> <span class='ocrx_word' id='word_1_168' title='bbox 1155 1666 1289 1705; x_wconf 88' lang='lat' dir='ltr'>usque</span> <span class='ocrx_word' id='word_1_169' title='bbox 1321 1652 1374 1692; x_wconf 85' lang='lat' dir='ltr'>ad</span> <span class='ocrx_word' id='word_1_170' title='bbox 1405 1667 1556 1705; x_wconf 86' lang='lat' dir='ltr'>aquam</span> <span class='ocrx_word' id='word_1_171' title='bbox 1580 1653 1630 1692; x_wconf 92' lang='lat' dir='ltr'>de</span> <span class='ocrx_word' id='word_1_172' title='bbox 1652 1653 1824 1692; x_wconf 84' lang='lat' dir='ltr'>Mersee</span> 
     </span>
     <span class='ocr_line' id='line_1_21' title="bbox 223 1720 1822 1776; baseline -0.003 -13"><span class='ocrx_word' id='word_1_173' title='bbox 223 1737 274 1763; x_wconf 85' lang='lat' dir='ltr'>ex</span> <span class='ocrx_word' id='word_1_174' title='bbox 302 1728 421 1776; x_wconf 85' lang='lat' dir='ltr'>parte</span> <span class='ocrx_word' id='word_1_175' title='bbox 454 1721 651 1762; x_wconf 79' lang='lat' dir='ltr'>orientali</span> <span class='ocrx_word' id='word_1_176' title='bbox 671 1721 889 1773; x_wconf 76' lang='lat' dir='ltr'>jacentem</span> <span class='ocrx_word' id='word_1_177' title='bbox 913 1720 1026 1760; x_wconf 89' lang='lat' dir='ltr'>inter</span> <span class='ocrx_word' id='word_1_178' title='bbox 1059 1733 1330 1761; x_wconf 84' lang='lat' dir='ltr'>communem</span> <span class='ocrx_word' id='word_1_179' title='bbox 1358 1721 1565 1761; x_wconf 82' lang='lat' dir='ltr'>venellam</span> <span class='ocrx_word' id='word_1_180' title='bbox 1595 1721 1822 1761; x_wconf 83' lang='lat' dir='ltr'>ducentem</span> 
     </span>
     <span class='ocr_line' id='line_1_22' title="bbox 223 1789 1821 1843; baseline -0.001 -12"><span class='ocrx_word' id='word_1_181' title='bbox 223 1791 275 1831; x_wconf 92' lang='lat' dir='ltr'>de</span> <span class='ocrx_word' id='word_1_182' title='bbox 296 1791 395 1830; x_wconf 84' lang='lat' dir='ltr'>villa</span> <span class='ocrx_word' id='word_1_183' title='bbox 416 1790 467 1830; x_wconf 91' lang='lat' dir='ltr'>de</span> <span class='ocrx_word' id='word_1_184' title='bbox 489 1790 762 1843; x_wconf 51' lang='lat' dir='ltr'>XVeryngton</span> <span class='ocrx_word' id='word_1_185' title='bbox 792 1803 926 1842; x_wconf 87' lang='lat' dir='ltr'>usque</span> <span class='ocrx_word' id='word_1_186' title='bbox 959 1789 1011 1829; x_wconf 89' lang='lat' dir='ltr'>ad</span> <span class='ocrx_word' id='word_1_187' title='bbox 1043 1790 1228 1843; x_wconf 88' lang='lat' dir='ltr'>Arpeley</span> <span class='ocrx_word' id='word_1_188' title='bbox 1250 1804 1300 1830; x_wconf 87' lang='lat' dir='ltr'>ex</span> <span class='ocrx_word' id='word_1_189' title='bbox 1321 1795 1441 1843; x_wconf 81' lang='lat' dir='ltr'>parte</span> <span class='ocrx_word' id='word_1_190' title='bbox 1464 1790 1623 1830; x_wconf 81' lang='lat' dir='ltr'>boreali</span> <span class='ocrx_word' id='word_1_191' title='bbox 1645 1795 1687 1829; x_wconf 91' lang='lat' dir='ltr'>et</span> <span class='ocrx_word' id='word_1_192' title='bbox 1709 1804 1821 1829; x_wconf 84' lang='lat' dir='ltr'>cam-</span> 
     </span>
     <span class='ocr_line' id='line_1_23' title="bbox 222 1858 1822 1913; baseline -0.001 -14"><span class='ocrx_word' id='word_1_193' title='bbox 222 1874 325 1913; x_wconf 87' lang='lat' dir='ltr'>pum</span> <span class='ocrx_word' id='word_1_194' title='bbox 347 1859 449 1899; x_wconf 84' lang='lat' dir='ltr'>dieti</span> <span class='ocrx_word' id='word_1_195' title='bbox 468 1858 689 1898; x_wconf 72' lang='lat' dir='ltr'>willielmi</span> <span class='ocrx_word' id='word_1_196' title='bbox 706 1858 886 1898; x_wconf 87' lang='lat' dir='ltr'>Botiller</span> <span class='ocrx_word' id='word_1_197' title='bbox 901 1858 947 1898; x_wconf 89' lang='lat' dir='ltr'>in</span> <span class='ocrx_word' id='word_1_198' title='bbox 962 1863 1116 1898; x_wconf 83' lang='lat' dir='ltr'>tenura</span> <span class='ocrx_word' id='word_1_199' title='bbox 1138 1858 1310 1898; x_wconf 83' lang='lat' dir='ltr'>Rieardi</span> <span class='ocrx_word' id='word_1_200' title='bbox 1328 1859 1611 1913; x_wconf 73' lang='lat' dir='ltr'>VVynyngton</span> <span class='ocrx_word' id='word_1_201' title='bbox 1632 1872 1682 1898; x_wconf 83' lang='lat' dir='ltr'>ex</span> <span class='ocrx_word' id='word_1_202' title='bbox 1703 1862 1822 1910; x_wconf 83' lang='lat' dir='ltr'>parte</span> 
     </span>
     <span class='ocr_line' id='line_1_24' title="bbox 224 1928 412 1968; baseline -0.005 0"><span class='ocrx_word' id='word_1_203' title='bbox 224 1928 412 1968; x_wconf 81' lang='lat' dir='ltr'>australi.</span> 
     </span>
    </p>

    <p class='ocr_par' dir='ltr' id='par_1_6' title="bbox 224 1994 1824 2458">
     <span class='ocr_line' id='line_1_25' title="bbox 282 1994 1824 2048; baseline -0.001 -12"><span class='ocrx_word' id='word_1_204' title='bbox 282 1997 395 2036; x_wconf 88' lang='lat' dir='ltr'>Item</span> <span class='ocrx_word' id='word_1_205' title='bbox 416 2000 534 2036; x_wconf 89' lang='lat' dir='ltr'>tenet</span> <span class='ocrx_word' id='word_1_206' title='bbox 557 1995 608 2035; x_wconf 88' lang='lat' dir='ltr'>de</span> <span class='ocrx_word' id='word_1_207' title='bbox 638 1995 752 2035; x_wconf 84' lang='lat' dir='ltr'>dieto</span> <span class='ocrx_word' id='word_1_208' title='bbox 780 1995 908 2035; x_wconf 88' lang='lat' dir='ltr'>Petro</span> <span class='ocrx_word' id='word_1_209' title='bbox 936 2008 1010 2048; x_wconf 82' lang='lat' dir='ltr'>por</span> <span class='ocrx_word' id='word_1_210' title='bbox 1039 1994 1201 2034; x_wconf 85' lang='lat' dir='ltr'>dictum</span> <span class='ocrx_word' id='word_1_211' title='bbox 1224 1995 1443 2035; x_wconf 82' lang='lat' dir='ltr'>servitium</span> <span class='ocrx_word' id='word_1_212' title='bbox 1465 2009 1605 2035; x_wconf 83' lang='lat' dir='ltr'>aeram</span> <span class='ocrx_word' id='word_1_213' title='bbox 1629 1999 1754 2035; x_wconf 84' lang='lat' dir='ltr'>terrae</span> <span class='ocrx_word' id='word_1_214' title='bbox 1777 1994 1824 2034; x_wconf 90' lang='lat' dir='ltr'>in</span> 
     </span>
     <span class='ocr_line' id='line_1_26' title="bbox 225 2063 1823 2118; baseline -0.001 -14"><span class='ocrx_word' id='word_1_215' title='bbox 225 2064 409 2118; x_wconf 88' lang='lat' dir='ltr'>quodam</span> <span class='ocrx_word' id='word_1_216' title='bbox 429 2064 521 2104; x_wconf 89' lang='grc'><strong>1000</strong></span> <span class='ocrx_word' id='word_1_217' title='bbox 542 2069 691 2104; x_wconf 78' lang='lat' dir='ltr'>vocato</span> <span class='ocrx_word' id='word_1_218' title='bbox 713 2063 962 2103; x_wconf 81' lang='lat' dir='ltr'>Alderswell</span> <span class='ocrx_word' id='word_1_219' title='bbox 987 2064 1204 2116; x_wconf 83' lang='lat' dir='ltr'>jacentem</span> <span class='ocrx_word' id='word_1_220' title='bbox 1229 2064 1273 2103; x_wconf 87' lang='lat' dir='ltr'>in</span> <span class='ocrx_word' id='word_1_221' title='bbox 1301 2064 1528 2104; x_wconf 82' lang='lat' dir='ltr'>latitudine</span> <span class='ocrx_word' id='word_1_222' title='bbox 1548 2064 1662 2103; x_wconf 85' lang='lat' dir='ltr'>inter</span> <span class='ocrx_word' id='word_1_223' title='bbox 1683 2077 1823 2103; x_wconf 84' lang='lat' dir='ltr'>aeram</span> 
     </span>
     <span class='ocr_line' id='line_1_27' title="bbox 224 2131 1823 2185; baseline -0.001 -12"><span class='ocrx_word' id='word_1_224' title='bbox 224 2133 402 2173; x_wconf 63' lang='lat' dir='ltr'>haeredis</span> <span class='ocrx_word' id='word_1_225' title='bbox 426 2132 629 2172; x_wconf 80' lang='lat' dir='ltr'>Riehardi</span> <span class='ocrx_word' id='word_1_226' title='bbox 650 2132 876 2172; x_wconf 75' lang='lat' dir='ltr'>Pasmethe</span> <span class='ocrx_word' id='word_1_227' title='bbox 905 2146 955 2171; x_wconf 82' lang='lat' dir='ltr'>ex</span> <span class='ocrx_word' id='word_1_228' title='bbox 980 2137 1100 2185; x_wconf 88' lang='lat' dir='ltr'>parte</span> <span class='ocrx_word' id='word_1_229' title='bbox 1122 2132 1318 2172; x_wconf 85' lang='lat' dir='ltr'>orientali</span> <span class='ocrx_word' id='word_1_230' title='bbox 1349 2138 1392 2172; x_wconf 85' lang='lat' dir='ltr'>et</span> <span class='ocrx_word' id='word_1_231' title='bbox 1422 2138 1579 2172; x_wconf 84' lang='lat' dir='ltr'>terram</span> <span class='ocrx_word' id='word_1_232' title='bbox 1612 2132 1638 2171; x_wconf 85' lang='lat' dir='ltr'><strong>J</strong></span> <span class='ocrx_word' id='word_1_233' title='bbox 1642 2131 1823 2172; x_wconf 83' lang='lat' dir='ltr'>ohannis</span> 
     </span>
     <span class='ocr_line' id='line_1_28' title="bbox 225 2200 1822 2255; baseline 0 -15"><span class='ocrx_word' id='word_1_234' title='bbox 225 2202 511 2255; x_wconf 59' lang='lat' dir='ltr'>WVynyngton</span> <span class='ocrx_word' id='word_1_235' title='bbox 532 2201 578 2240; x_wconf 90' lang='lat' dir='ltr'>in</span> <span class='ocrx_word' id='word_1_236' title='bbox 598 2205 752 2240; x_wconf 87' lang='lat' dir='ltr'>tenura</span> <span class='ocrx_word' id='word_1_237' title='bbox 778 2200 957 2240; x_wconf 84' lang='lat' dir='ltr'>Roberti</span> <span class='ocrx_word' id='word_1_238' title='bbox 989 2201 1155 2241; x_wconf 85' lang='lat' dir='ltr'>Chalon</span> <span class='ocrx_word' id='word_1_239' title='bbox 1186 2214 1236 2240; x_wconf 83' lang='lat' dir='ltr'>ex</span> <span class='ocrx_word' id='word_1_240' title='bbox 1267 2206 1386 2254; x_wconf 86' lang='lat' dir='ltr'>parte</span> <span class='ocrx_word' id='word_1_241' title='bbox 1413 2201 1667 2241; x_wconf 79' lang='lat' dir='ltr'>occidentali</span> <span class='ocrx_word' id='word_1_242' title='bbox 1689 2206 1731 2241; x_wconf 89' lang='lat' dir='ltr'>et</span> <span class='ocrx_word' id='word_1_243' title='bbox 1753 2215 1822 2240; x_wconf 81' lang='lat' dir='ltr'>ex-</span> 
     </span>
     <span class='ocr_line' id='line_1_29' title="bbox 224 2268 1824 2322; baseline -0.001 -13"><span class='ocrx_word' id='word_1_244' title='bbox 224 2270 365 2309; x_wconf 84' lang='lat' dir='ltr'>tendit</span> <span class='ocrx_word' id='word_1_245' title='bbox 386 2270 432 2308; x_wconf 90' lang='grc'>111</span> <span class='ocrx_word' id='word_1_246' title='bbox 453 2269 724 2321; x_wconf 82' lang='lat' dir='ltr'>longitudine</span> <span class='ocrx_word' id='word_1_247' title='bbox 756 2283 779 2308; x_wconf 85' lang='lat' dir='ltr'>a</span> <span class='ocrx_word' id='word_1_248' title='bbox 809 2274 932 2321; x_wconf 87' lang='lat' dir='ltr'>prato</span> <span class='ocrx_word' id='word_1_249' title='bbox 954 2274 1102 2309; x_wconf 83' lang='lat' dir='ltr'>vocato</span> <span class='ocrx_word' id='word_1_250' title='bbox 1134 2270 1261 2310; x_wconf 87' lang='lat' dir='ltr'>Frere</span> <span class='ocrx_word' id='word_1_251' title='bbox 1292 2269 1418 2310; x_wconf 87' lang='lat' dir='ltr'>medo</span> <span class='ocrx_word' id='word_1_252' title='bbox 1445 2284 1494 2310; x_wconf 82' lang='lat' dir='ltr'>ex</span> <span class='ocrx_word' id='word_1_253' title='bbox 1520 2274 1639 2322; x_wconf 83' lang='lat' dir='ltr'>parte</span> <span class='ocrx_word' id='word_1_254' title='bbox 1664 2268 1824 2309; x_wconf 85' lang='lat' dir='ltr'>boreali</span> 
     </span>
     <span class='ocr_line' id='line_1_30' title="bbox 224 2336 1822 2389; baseline 0.001 -13"><span class='ocrx_word' id='word_1_255' title='bbox 224 2350 359 2389; x_wconf 87' lang='lat' dir='ltr'>usque</span> <span class='ocrx_word' id='word_1_256' title='bbox 381 2336 433 2376; x_wconf 91' lang='lat' dir='ltr'>ad</span> <span class='ocrx_word' id='word_1_257' title='bbox 455 2350 652 2389; x_wconf 85' lang='lat' dir='ltr'>campum</span> <span class='ocrx_word' id='word_1_258' title='bbox 674 2336 895 2376; x_wconf 76' lang='lat' dir='ltr'>willielmi</span> <span class='ocrx_word' id='word_1_259' title='bbox 918 2336 1098 2377; x_wconf 87' lang='lat' dir='ltr'>Botiller</span> <span class='ocrx_word' id='word_1_260' title='bbox 1127 2337 1173 2377; x_wconf 85' lang='grc'>111</span> <span class='ocrx_word' id='word_1_261' title='bbox 1199 2342 1352 2378; x_wconf 83' lang='lat' dir='ltr'>tenura</span> <span class='ocrx_word' id='word_1_262' title='bbox 1372 2338 1520 2379; x_wconf 77' lang='lat' dir='ltr'>Aliciae</span> <span class='ocrx_word' id='word_1_263' title='bbox 1553 2337 1681 2378; x_wconf 83' lang='lat' dir='ltr'>Clerk</span> <span class='ocrx_word' id='word_1_264' title='bbox 1701 2352 1822 2378; x_wconf 84' lang='lat' dir='ltr'>voca-</span> 
     </span>
     <span class='ocr_line' id='line_1_31' title="bbox 225 2404 994 2458; baseline 0.001 -15"><span class='ocrx_word' id='word_1_265' title='bbox 225 2410 319 2444; x_wconf 90' lang='lat' dir='ltr'>tum</span> <span class='ocrx_word' id='word_1_266' title='bbox 341 2404 572 2458; x_wconf 82' lang='lat' dir='ltr'>Longehey</span> <span class='ocrx_word' id='word_1_267' title='bbox 593 2418 641 2443; x_wconf 79' lang='lat' dir='ltr'>ex</span> <span class='ocrx_word' id='word_1_268' title='bbox 664 2409 782 2456; x_wconf 76' lang='lat' dir='ltr'>parte</span> <span class='ocrx_word' id='word_1_269' title='bbox 805 2405 994 2445; x_wconf 83' lang='lat' dir='ltr'>australi.</span> 
     </span>
    </p>

    <p class='ocr_par' dir='ltr' id='par_1_7' title="bbox 229 2472 1824 2649">
     <span class='ocr_line' id='line_1_32' title="bbox 286 2472 1824 2528; baseline 0.003 -18"><span class='ocrx_word' id='word_1_270' title='bbox 286 2472 398 2511; x_wconf 91' lang='lat' dir='ltr'>Item</span> <span class='ocrx_word' id='word_1_271' title='bbox 423 2476 542 2510; x_wconf 86' lang='lat' dir='ltr'>tenet</span> <span class='ocrx_word' id='word_1_272' title='bbox 565 2477 757 2524; x_wconf 81' lang='lat' dir='ltr'>quartam</span> <span class='ocrx_word' id='word_1_273' title='bbox 780 2478 944 2525; x_wconf 83' lang='lat' dir='ltr'>partem</span> <span class='ocrx_word' id='word_1_274' title='bbox 975 2474 1085 2526; x_wconf 86' lang='lat' dir='ltr'>prati</span> <span class='ocrx_word' id='word_1_275' title='bbox 1106 2475 1243 2514; x_wconf 82' lang='lat' dir='ltr'>vocati</span> <span class='ocrx_word' id='word_1_276' title='bbox 1275 2475 1571 2516; x_wconf 85' lang='lat' dir='ltr'>Downehouse</span> <span class='ocrx_word' id='word_1_277' title='bbox 1598 2474 1723 2515; x_wconf 89' lang='lat' dir='ltr'>medo</span> <span class='ocrx_word' id='word_1_278' title='bbox 1749 2487 1824 2528; x_wconf 90' lang='lat' dir='ltr'>per</span> 
     </span>
     <span class='ocr_line' id='line_1_33' title="bbox 229 2540 1823 2596; baseline 0.002 -17"><span class='ocrx_word' id='word_1_279' title='bbox 229 2540 391 2580; x_wconf 87' lang='lat' dir='ltr'>dietum</span> <span class='ocrx_word' id='word_1_280' title='bbox 429 2540 647 2580; x_wconf 76' lang='lat' dir='ltr'>servitium</span> <span class='ocrx_word' id='word_1_281' title='bbox 683 2540 854 2580; x_wconf 87' lang='lat' dir='ltr'>limitati</span> <span class='ocrx_word' id='word_1_282' title='bbox 897 2541 1006 2581; x_wconf 85' lang='lat' dir='ltr'>sicut</span> <span class='ocrx_word' id='word_1_283' title='bbox 1046 2543 1333 2596; x_wconf 80' lang='lat' dir='ltr'>praesoribitur</span> <span class='ocrx_word' id='word_1_284' title='bbox 1376 2544 1421 2584; x_wconf 91' lang='lat' dir='ltr'>in</span> <span class='ocrx_word' id='word_1_285' title='bbox 1466 2550 1618 2584; x_wconf 87' lang='lat' dir='ltr'>tenura</span> <span class='ocrx_word' id='word_1_286' title='bbox 1666 2542 1823 2596; x_wconf 82' lang='lat' dir='ltr'>Rogeri</span> 
     </span>
     <span class='ocr_line' id='line_1_34' title="bbox 230 2608 502 2649; baseline 0 -1"><span class='ocrx_word' id='word_1_287' title='bbox 230 2608 502 2649; x_wconf 66' lang='lat' dir='ltr'>Arosmvthe</span> 
     </span>
    </p>
   </div>
  </div>
 </body>
</html>
