1991 2916
189 220 243 258 66
462 232 515 258 DE
536 232 808 259 REDDI'I'IBUS
831 232 1126 260 CAPITALIBUS
1152 233 1198 259 IN
1224 232 1516 258 wfflzYNG'rox.

195 343 341 397 Sonky
370 356 419 382 ex
444 346 564 395 parte
593 342 769 383 australi
795 348 837 383 et
864 342 1153 396 messuagium
1182 341 1398 395 quondam
1430 341 1572 381 uxoris
1605 339 1791 380 hominis

192 411 330 452 vocati
350 411 389 451 16
412 411 554 465 chhe
576 425 625 451 ex
650 416 771 465 parte
799 411 958 452 boreali
992 416 1034 452 et
1068 411 1260 452 extendit
1280 411 1327 450 in
1346 409 1614 464 longitudine
1636 423 1660 448 a
1679 414 1794 448 terra

192 481 434 535 pertinente
468 480 655 521 eeclesiae
690 480 786 520 altae
820 480 871 520 (16
903 481 1175 534 VVeryngton
1200 480 1326 520 modo
1356 479 1403 519 in
1435 484 1587 520 tenura
1619 478 1793 518 Thomae

194 549 473 603 WVadyngton
494 562 544 589 ex
565 554 684 602 parte
716 549 911 589 orientali
942 564 1075 603 usque
1108 549 1161 590 ad
1193 549 1351 590 dietam
1371 548 1579 589 venellam
1600 550 1792 587 vocatam

196 618 475 658 Hethestrete
516 632 566 658 ex
598 622 717 671 parte
752 617 1003 658 occidentali
1040 622 1082 658 et
1114 617 1256 658 reddit
1289 631 1364 670 per
1400 630 1560 657 annum
1593 619 1689 656 octo
1721 614 1792 654 (10-

194 700 350 727 nanos.

528 961 759 1001 REDDITUs
781 961 1027 1001 CAPITALIS
1052 973 1106 1000 DE
1130 960 1441 1000 WERYNGTON.

257 1097 493 1137 RICARDUS
515 1097 706 1136 BRUCHE
729 1101 848 1137 tenet
874 1097 925 1137 de
958 1098 1086 1138 Petro
1107 1097 1230 1151 Legh
1249 1097 1385 1137 milite
1407 1095 1491 1137 duo
1511 1095 1717 1149 burgagia
1731 1095 1797 1149 ja-

198 1166 338 1206 centia
353 1166 399 1205 in
419 1166 458 1205 le
477 1165 758 1219 Kyu'kestrete
775 1166 883 1206 villae
900 1166 951 1206 (le
968 1166 1239 1221 VVeryngton
1258 1166 1305 1205 in
1326 1165 1462 1219 capite
1483 1179 1558 1219 per
1579 1164 1799 1204 servitium

198 1235 383 1275 militare
417 1239 459 1274 et
493 1248 624 1274 unam
656 1233 855 1274 bovatam
887 1239 1011 1274 terrae
1043 1235 1258 1288 jacentem
1283 1235 1330 1274 in
1354 1234 1540 1288 Arpeley
1567 1233 1726 1286 Hollay
1756 1237 1799 1272 et

199 1303 408 1344 Pilothull
443 1316 540 1343 eum
572 1302 709 1356 placia
740 1307 864 1343 terrae
899 1308 1047 1344 vocata
1078 1304 1117 1343 le
1151 1303 1447 1358 Rawrydynge
1483 1317 1576 1356 quae
1609 1302 1800 1342 continet

196 1377 378 1425 quatuor
408 1386 524 1412 aeras
557 1379 682 1412 terrae
715 1386 894 1425 quarum
923 1372 1094 1425 quidem
1126 1387 1262 1412 unum
1293 1371 1550 1425 burgagium
1578 1384 1676 1411 eum
1702 1376 1797 1411 orto

193 1441 339 1494 jacent
372 1444 415 1480 et
448 1440 663 1480 situantur
695 1440 808 1480 inter
834 1440 1091 1494 burgagium
1116 1446 1158 1481 et
1184 1446 1326 1481 ortum
1355 1440 1513 1494 Rogeri
1537 1439 1800 1494 Arosmythe

200 1522 251 1549 ex
271 1513 392 1562 parte
415 1508 667 1549 occidentali
689 1513 731 1548 et
758 1509 1014 1563 burgagium
1047 1514 1089 1550 et
1122 1514 1267 1550 ortum
1291 1509 1469 1549 Henriei
1491 1509 1653 1549 Garnet
1674 1507 1802 1548 modo

200 1577 246 1617 in
266 1582 420 1617 tenura
441 1577 614 1617 Ricardi
641 1577 785 1631 Ryder
818 1592 868 1618 ex
903 1583 1023 1631 parte
1055 1578 1251 1619 orientali
1273 1582 1315 1618 et
1336 1577 1528 1618 extendit
1548 1577 1593 1617 in
1613 1577 1801 1630 longitu-

202 1645 301 1685 dine
323 1660 347 1685 a
366 1660 454 1685 uno
476 1645 612 1686 crofto
644 1646 748 1685 dieti
780 1647 952 1686 Rioardi
983 1647 1152 1687 Bruehe
1175 1661 1225 1687 6Χ
1250 1652 1370 1700 parte
1397 1647 1572 1687 australi
1592 1660 1727 1699 usque
1749 1646 1803 1686 ad

203 1713 343 1754 vicum
365 1713 530 1766 regium
549 1713 600 1754 (16
616 1713 898 1767 Kyrkestrete
921 1729 970 1754 ex
986 1720 1106 1768 parte
1126 1714 1299 1755 boreali.
1335 1716 1392 1755 Et
1414 1715 1529 1755 aliud
1548 1714 1803 1768 burgagium

198 1781 314 1835 jacet
336 1786 379 1821 et
401 1781 585 1821 situatur
605 1781 718 1821 inter
734 1781 990 1835 burgagium
1013 1787 1055 1822 et
1076 1788 1218 1823 ortum
1237 1783 1416 1824 Henriei
1433 1784 1596 1824 Garnet
1613 1797 1663 1824 6Χ
1683 1788 1804 1836 parte

205 1849 459 1890 occidentali
491 1854 534 1890 et
568 1850 858 1903 messuagium
894 1855 937 1890 et
969 1856 1112 1891 ortum
1148 1852 1365 1905 Ranulphi
1406 1852 1566 1892 Rixton
1601 1866 1651 1892 6Χ
1684 1855 1804 1905 parte

205 1918 403 1958 orientali
435 1922 478 1958 et
511 1918 745 1958 extendens
773 1919 819 1958 in
850 1919 1120 1971 longitudine
1142 1935 1165 1960 a
1187 1920 1301 1960 dicto
1327 1920 1419 1961 vieo
1451 1921 1568 1974 regio
1604 1934 1654 1961 6Χ
1685 1925 1806 1974 parte

203 1986 365 2027 boreali
384 2001 519 2040 usque
542 1987 595 2027 ad
615 1992 774 2028 terram
797 1987 900 2028 dieti
922 1989 1094 2029 Ricarcli
1116 1990 1286 2030 Bruehe
1308 2004 1358 2030 ex
1377 1995 1497 2043 parte
1519 1989 1708 2031 australi.

261 2056 374 2096 Item
406 2061 526 2097 tenet
560 2071 695 2097 unum
729 2056 913 2097 croftum
940 2057 986 2097 in
1017 2058 1154 2112 eapite
1184 2058 1235 2099 (16
1271 2058 1385 2099 dieto
1418 2059 1546 2099 Petro
1579 2058 1804 2099 continens

206 2125 309 2165 (luas
343 2140 460 2166 acras
492 2131 617 2167 terrae
643 2126 812 2166 arabilis
843 2127 991 2180 jacens
1019 2127 1132 2167 inter
1162 2128 1311 2168 rodam
1343 2133 1467 2168 terrae
1495 2128 1598 2169 dieti
1627 2127 1805 2168 Henriei

208 2195 374 2234 Garnet
406 2209 454 2235 6Χ
491 2199 611 2248 parte
643 2195 897 2235 occidentali
922 2200 964 2235 et
989 2196 1197 2236 venellam
1224 2200 1416 2236 vocatam
1445 2197 1603 2250 Hollay
1626 2197 1722 2236 lane
1754 2210 1805 2236 οΧ

207 2267 327 2315 parte
363 2263 561 2302 orientali
597 2268 639 2302 et
674 2263 786 2303 inter
821 2268 914 2303 orta
948 2264 1208 2316 pertinentia
1242 2265 1368 2304 certis
1403 2265 1654 2318 messuagiis
1685 2265 1732 2304 in
1765 2265 1806 2305 10

210 2330 492 2384 Kyrkestrete
513 2330 716 2384 praedieta
742 2345 791 2371 οΧ
817 2336 936 2383 parte
961 2331 1120 2372 boreali
1142 2337 1184 2372 et
1205 2338 1363 2373 terram
1383 2333 1606 2374 willielmi
1626 2333 1807 2374 Botfller

208 2398 336 2438 modo
358 2399 403 2438 in
424 2404 577 2438 tenura
596 2399 651 2437 W
654 2399 819 2438 illielmi
842 2399 1002 2439 Hulme
1025 2414 1073 2439 ex
1095 2406 1214 2453 parte
1236 2402 1423 2443 australi.

267 2466 380 2506 Item
401 2471 520 2506 tenet
540 2467 586 2506 in
608 2467 744 2520 eapite
767 2467 927 2507 seilicet
950 2468 1054 2508 duas
1077 2483 1193 2509 aeras
1215 2476 1339 2510 terrae
1360 2476 1402 2511 et
1424 2471 1643 2511 dimidiam
1665 2484 1805 2511 acram

209 2535 391 2575 invicem
407 2536 600 2588 jacentes
624 2535 697 2575 sed
729 2535 960 2576 dummodo
992 2552 1171 2590 quarum
1193 2539 1369 2579 dimidia
1389 2554 1485 2580 acra
1506 2540 1559 2580 acl
1579 2540 1708 2580 finem
1729 2539 1804 2580 bo-

208 2603 366 2643 realem
387 2603 597 2644 dietarum
619 2604 798 2645 duarum
826 2619 1017 2646 acrarum
1042 2608 1385 2662 praescriptarum
1406 2623 1498 2662 quae
1520 2609 1691 2662 quidem
1712 2608 1806 2648 (luae

212 2686 317 2713 acrae
339 2676 381 2713 et
403 2672 578 2713 dimidia
593 2672 739 2726 jacent
755 2673 800 2713 in
821 2687 948 2726 parvo
970 2689 1118 2729 campo
1139 2676 1185 2717 in
1207 2677 1364 2732 Hollay
1385 2682 1533 2719 vocato
1553 2678 1592 2718 le
1615 2677 1740 2718 Hole.
