1991 2916
226 196 276 234 1ss
518 210 571 235 Dr]
598 210 755 237 TERRIS
781 211 831 237 ΕΤ
855 212 1137 239 TENEMENTIS
1163 214 1209 239 lN
1237 214 1527 241 WERYNGTON.

216 344 309 383 quae
344 330 547 384 praediota
578 332 719 372 valent
755 333 818 373 vel
854 333 1040 374 reddunt
1075 334 1189 375 dieto
1226 335 1354 375 Petro
1391 334 1512 388 Legh
1547 348 1622 387 per
1659 348 1819 375 annum

216 399 368 453 viginti
398 415 534 440 unum
566 401 722 441 solidos
755 406 797 441 et
830 402 1030 443 undecim
1062 403 1257 443 denarios
1291 417 1389 443 611111
1424 402 1595 442 servitio
1626 403 1821 444 videlieet

216 467 397 508 duorum
420 468 585 509 dierum
609 471 951 524 autumpnalium
973 487 1066 525 quae
1087 473 1228 512 valent
1251 477 1433 526 quatuor
1454 471 1662 512 denarios.

271 537 327 576 Et
353 552 484 590 quum
510 537 648 578 dietus
676 540 869 592 Rogerus
898 540 1118 581 Holbroke
1147 545 1266 581 tenet
1294 555 1426 581 unam
1457 555 1598 581 aeram
1627 541 1739 594 prati
1768 541 1819 581 de

212 605 425 658 praedietis
454 606 712 660 septedeeim
741 608 848 648 aeris
877 609 987 662 prati
1016 609 1119 649 dieti
1148 610 1265 650 Petri
1293 610 1414 663 Legli
1440 609 1486 649 in
1507 610 1693 664 Arpoley
1714 615 1819 650 tuno

214 674 353 714 dietus
385 675 577 727 Rogorus
608 675 757 716 reddet
788 691 864 730 pro
896 677 1010 718 dieta
1041 692 1137 719 aera
1167 692 1242 732 per
1273 692 1435 719 annum
1464 683 1551 719 tres
1585 678 1742 719 solidos
1775 683 1817 720 et

214 748 396 796 quatuor
417 743 626 785 denarios.

272 882 430 935 §Item
463 882 601 923 dictus
635 883 809 923 Pmims
844 884 974 924 LEGE
1009 884 1133 924 miles
1165 884 1296 924 habet
1327 884 1374 924 in
1406 884 1592 939 Arpeley
1622 884 1815 938 predicto

210 964 346 990 unum
373 955 544 1003 pratum
563 952 788 992 continens
810 953 1113 1005 septemdecim
1140 967 1257 993 aeras
1280 953 1392 1006 prati
1419 953 1602 993 invicem
1622 954 1815 1007 jacentes

210 1019 322 1059 inter
342 1024 500 1059 terram
523 1020 725 1060 arabilem
746 1021 992 1061 Willielmi1
1020 1022 1184 1062 Gerard
1207 1022 1257 1062 do
1279 1023 1384 1063 Ince
1406 1026 1448 1063 et
1471 1023 1632 1063 seilicet
1657 1027 1815 1063 terram

210 1088 412 1128 arabilem
428 1088 651 1129 willielmi
673 1089 852 1131 Botiller
872 1091 918 1130 in
939 1096 1093 1131 tenura
1110 1092 1136 1132 J
1140 1092 1321 1132 ohannis
1339 1092 1600 1146 Arosmythe
1623 1106 1672 1132 ex
1694 1097 1814 1145 parte

209 1157 383 1196 australi
418 1161 461 1197 et
496 1157 653 1210 partim
686 1158 882 1199 orientali
918 1164 960 1200 61
997 1160 1127 1200 altam
1159 1160 1271 1200 viam
1306 1174 1386 1214 que
1420 1160 1537 1201 ducit
1571 1175 1595 1200 a
1626 1161 1726 1201 Villa
1762 1161 1813 1202 de

208 1225 479 1280 XVeryngton
500 1240 634 1279 usque
657 1226 711 1266 ad
732 1227 895 1268 dietum
915 1233 1087 1282 pratum
1109 1233 1151 1269 et
1180 1243 1255 1282 per
1279 1229 1470 1269 medium
1492 1229 1595 1269 (11611
1623 1230 1734 1283 prati
1761 1230 1812 1271 de

208 1294 393 1348 Arpeley
425 1309 475 1335 ex
510 1299 629 1348 parte
666 1295 825 1336 boreali
861 1302 903 1338 et
939 1298 1095 1351 partim
1131 1298 1385 1339 occidentali
1421 1303 1463 1339 et
1499 1299 1733 1339 extendens
1765 1299 1812 1340 in

207 1362 475 1416 longitudine
507 1377 531 1403 a
562 1368 684 1416 prato
717 1364 820 1405 (11611
853 1366 1076 1407 Willielmi
1109 1367 1289 1407 Botiller
1320 1367 1366 1407 in
1391 1371 1544 1407 tenura
1568 1367 1811 1408 tenentium

208 1431 259 1471 de
281 1432 550 1486 VVeryngton
573 1447 623 1472 ex
644 1437 763 1486 parte
786 1434 1039 1474 occidentali
1064 1449 1199 1488 usque
1222 1435 1274 1475 ad
1302 1438 1461 1476 terram
1484 1435 1686 1476 arabilem
1708 1435 1812 1477 dieti

207 1500 323 1540 Petri
354 1501 401 1541 in
432 1506 586 1542 tenura
619 1502 830 1542 Johannis
864 1503 1084 1557 Fulshagh
1120 1509 1162 1544 et
1197 1509 1356 1544 terram
1390 1504 1551 1545 scilieet
1586 1505 1810 1545 Willielmi

207 1570 387 1610 Botiller
413 1570 459 1610 in
483 1575 637 1611 tenura
662 1571 804 1611 uxoris
829 1572 1052 1612 Hamundi
1078 1573 1241 1627 Nayler
1262 1587 1314 1613 ex
1336 1577 1456 1626 parte
1478 1573 1675 1613 orientali
1696 1573 1810 1627 quod

206 1643 375 1690 pratum
396 1639 507 1678 valet
528 1653 602 1692 per
624 1653 787 1680 annum
809 1640 922 1681 dicto
945 1641 1073 1682 Petro
1095 1642 1216 1695 Legh
1239 1674 1418 1683 ......

264 1775 499 1815 RICARDUS
526 1776 807 1816 DYCHEFELD
835 1782 955 1818 tenet
982 1777 1034 1819 de
1061 1778 1175 1819 dieto
1202 1779 1330 1819 Petro
1354 1793 1491 1819 unum
1516 1779 1805 1833 messuagium

205 1857 302 1883 611111
320 1843 486 1884 stabulo
509 1849 551 1884 et
569 1844 695 1884 domo
711 1845 1023 1886 terrieidiorum
1041 1847 1230 1900 jacentia
1244 1847 1291 1887 in
1308 1847 1421 1887 dieta
1438 1852 1570 1887 strata
1588 1848 1639 1888 de
1658 1849 1807 1904 Sonky

203 1915 300 1964 gate
321 1911 432 1951 infra
453 1911 611 1952 dietam
627 1913 771 1953 villam
788 1914 839 1955 de
854 1915 1125 1970 Weryngton
1144 1916 1258 1956 inter
1280 1916 1494 1970 quoddam
1514 1917 1805 1971 messuagium

204 1980 418 2033 quondam
439 1980 663 2021 Willielmi
684 1983 842 2024 Baxter
864 1983 939 2024 sed
966 1998 1081 2025 1111116
1110 1984 1249 2025 Marie
1270 1999 1407 2039 nuper
1427 1985 1568 2026 uxoris
1592 1986 1804 2027 Hamonis

202 2048 421 2089 Assheton
448 2063 500 2090 ex
529 2055 649 2103 parte
671 2051 868 2092 orientali
889 2057 931 2092 61
954 2052 1083 2092 alium
1104 2054 1393 2106 messuagium
1415 2054 1519 2095 (11611
1544 2055 1660 2096 Petri
1682 2056 1804 2109 Legh

201 2116 241 2156 in
266 2122 419 2157 tenura
441 2119 466 2157 J
470 2118 650 2159 ohannis
673 2120 824 2161 Litehe
847 2135 900 2161 ex
926 2126 1045 2175 parte
1071 2122 1323 2163 occidentali
1348 2128 1391 2164 et
1415 2123 1666 2178 praedietum
1691 2139 1801 2165 mes-

203 2185 398 2238 suagium
427 2200 525 2226 eum
552 2188 822 2240 pertinentiis
855 2189 900 2229 in
928 2194 1082 2230 tenura
1110 2190 1213 2230 (11611
1235 2191 1407 2232 Ricardi
1428 2192 1667 2247 Dyehefeld
1686 2193 1802 2246 jacet

201 2259 244 2294 et
266 2255 449 2295 situatur
470 2269 520 2295 ex
540 2261 659 2309 parte
680 2256 840 2297 boreali
865 2257 1057 2311 praedioti
1080 2259 1203 2299 strati
1228 2264 1270 2300 et
1297 2260 1458 2301 scilieet
1484 2261 1668 2302 situatur
1687 2262 1802 2303 inter

246 2433 252 2451 ¹
267 2433 466 2474 According
481 2437 516 2465 to
533 2433 592 2465 the
609 2433 762 2474 History
779 2433 820 2475 of
830 2433 1062 2475 Lancaslzz're,
1078 2435 1142 2477 (iii.
1160 2437 1250 2478 567,)
1275 2437 1333 2470 the
1352 2439 1485 2471 Ger-ard
1500 2439 1621 2481 family
1637 2440 1800 2482 acquired

200 2487 283 2519 Ince
307 2487 342 2518 in
368 2489 382 2518 1
407 2488 493 2519 [len.
513 2487 593 2528 IV.,
609 2489 707 2520 when
731 2488 825 2519 John
843 2487 976 2520 Gerard
992 2489 1152 2531 married,
1175 2492 1220 2532 by
1237 2492 1481 2534 dispensation,
1503 2493 1605 2524 Ellen
1623 2494 1716 2534 Ince,
1739 2495 1799 2526 the

200 2540 326 2572 heiress
346 2541 384 2572 of
403 2543 481 2573 that
506 2547 625 2583 estate,
648 2546 684 2574 to
701 2543 812 2574 whom
836 2543 878 2574 he
896 2553 962 2574 was
987 2544 1117 2576 related
1142 2545 1177 2577 in
1201 2546 1261 2578 the
1284 2547 1404 2579 fourth
1428 2548 1559 2588 degree.
1607 2547 1713 2579 After
1727 2547 1797 2579 this

198 2595 378 2636 marriage,
399 2596 459 2628 the
482 2600 591 2628 estate
614 2596 801 2629 continued
824 2596 879 2628 for
900 2598 1030 2631 several
1053 2599 1224 2632 centul-ies
1239 2600 1275 2633 iu
1292 2601 1351 2633 the
1369 2601 1502 2635 Gerard
1519 2613 1631 2644 name,
1645 2602 1713 2635 and
1729 2612 1796 2634 was

198 2648 317 2690 finally
334 2650 406 2682 sold
421 2654 457 2683 1ο
474 2651 533 2683 the
550 2650 633 2683 Earl
650 2650 688 2684 of
709 2651 896 2684 Balaam-es.
